1889 3221
338 385 700 418 CARTULARIUM
721 384 991 417 ABBATHIAE
1014 385 1077 416 DE
1102 385 1350 417 WHITEBY.
1525 378 1605 414 663

163 551 431 592 MANDATUM
452 551 792 592 ARCHIDIACONO
817 551 1082 593 CLYVELAND
1104 564 1162 593 AD
1186 563 1527 593 INSTALLANDUM

630 629 815 659 EUNDEM
836 619 1065 660 ABBATEM.

147 708 391 750 Alexander
412 710 463 750 D.
488 710 531 750 P.
555 713 644 758 etc,
667 709 822 750 dilecto
844 710 932 750 filio
954 709 1267 751 Archidiacono
1298 714 1442 751 nostro
1465 710 1605 751 Clive-

89 774 214 824 land,
230 776 299 816 vel
316 776 406 829 ejus
426 775 619 825 Officiali,
641 776 835 825 salutem,
858 780 933 817 616.
988 776 1188 817 Oblatam
1209 777 1332 817 nobis
1355 777 1605 818 electionem

91 840 247 881 Prioris
284 846 327 882 et
359 842 490 883 Conv,
523 841 675 881 Mon’ii
711 841 763 882 de
794 842 1014 896 Whiteby‚
1044 845 1199 882 nostrae
1230 843 1362 890 Dioc.‚
1394 842 1445 883 de
1477 843 1606 883 fratre

90 906 119 946 J
122 906 288 948 ohanne
319 907 371 948 de
392 908 668 956 Richemond,
690 908 994 948 commonacho
1016 908 1120 949 dicti
1142 909 1305 957 Mon’ii,
1326 909 1373 949 in
1392 909 1606 950 Abbatem

89 985 215 1013 suum
233 973 389 1014 factam
407 973 549 1014 debito
568 974 827 1027 subjecimus
846 974 1035 1014 examini
1052 990 1059 1014 :
1082 988 1223 1027 quam,
1240 975 1341 1028 quia
1362 975 1605 1016 invenimus

89 1038 289 1079 canonice
326 1043 367 1079 et
409 1039 670 1079 concorditer
706 1039 974 1088 celebratam,
1016 1039 1218 1080 duximus
1260 1040 1607 1090 confirmandam,

89 1103 357 1157 eundemque
387 1104 561 1145 fratrem
588 1105 617 1145 J
621 1104 845 1154 ohannem,
878 1105 1014 1145 veluti
1045 1105 1402 1160 circumspectum
1432 1107 1605 1148 Monas-

88 1169 194 1209 terio
225 1175 456 1210 memorato
488 1170 753 1224 praefecimus
784 1170 831 1210 in
861 1170 1087 1220 Abbatem,
1120 1185 1263 1212 curam
1295 1176 1337 1213 et
1369 1174 1605 1214 custodiam

90 1235 254 1276 Domus
286 1236 508 1290 praedictas,
531 1241 620 1277 tam
650 1236 696 1276 in
727 1236 1023 1290 spiritualibus
1052 1251 1182 1291 quam
1210 1238 1254 1277 in
1286 1239 1605 1292 temporalibus,

90 1301 276 1355 plenarie
309 1302 637 1343 committentes.
730 1302 937 1352 Quocirca
968 1303 1089 1343 vobis
1118 1303 1371 1345 mandamus
1403 1305 1606 1358 quatinus

90 1367 290 1419 praedicto
311 1367 474 1408 Abbati
506 1368 681 1408 stallum
711 1369 757 1408 in
778 1368 905 1408 choro
937 1372 979 1409 et
1009 1369 1151 1409 locum
1172 1369 1218 1409 in
1241 1370 1452 1424 Capitulo,
1481 1376 1607 1425 prout

90 1433 299 1482 convenit,
340 1433 576 1487 assignetis,
617 1433 798 1474 ulterius
835 1434 949 1487 quod
990 1440 1180 1475 vestrum
1221 1438 1287 1475 est
1327 1449 1424 1489 erga
1464 1436 1607 1489 ipsum

91 1499 427 1552 promptitudine
469 1499 596 1540 officii
645 1504 917 1553 exequentes.
998 1500 1162 1540 Datum
1212 1500 1327 1554 apud
1368 1501 1609 1556 Claveryng

93 1564 229 1604 xxvit0
250 1565 319 1605 die
341 1565 369 1605 J
372 1565 477 1614 unii,
499 1569 576 1606 etc.

188 1697 380 1737 LITTERA
401 1707 532 1737 MISSA
554 1697 667 1737 REGI
688 1707 744 1736 DE
766 1696 1110 1737 TEMPORAmssus
1133 1707 1188 1737 UT
1209 1707 1342 1737 INFRA
1363 1707 1509 1739 PATET.

166 1787 537 1828 Excellentissimo
587 1787 633 1827 in
685 1786 855 1828 Christo
906 1787 1097 1841 Principi
1139 1791 1180 1828 et
1220 1788 1331 1829 D’no
1373 1802 1461 1837 suo,
1511 1789 1608 1829 d’no

94 1854 312 1903 Edwardo,
326 1854 377 1894 D.
397 1854 445 1895 G.
464 1853 571 1907 Regi
587 1853 755 1907 Angliae
772 1856 814 1894 et
830 1853 1020 1894 Franciae
1036 1853 1206 1903 illustri,
1223 1854 1479 1904 Alexander,
1495 1855 1547 1896 D.
1564 1856 1607 1896 P.

93 1920 293 1961 Ecclesiae
328 1921 449 1961 Ebor.
488 1920 648 1961 electus
685 1924 966 1969 consecratus,
997 1919 1178 1960 salutem
1208 1920 1254 1960 in
1285 1921 1346 1961 Eo
1377 1934 1452 1974 per
1482 1935 1608 1975 quem

93 1999 210 2039 reges
260 1988 440 2040 regnant
490 1988 533 2026 et
572 1984 785 2039 principes
842 1985 1127 2026 dominantur.
1209 1985 1320 2034 Quia
1360 1986 1609 2028 electionem

94 2065 229 2106 nuper
259 2051 413 2092 factam
446 2051 492 2091 in
525 2051 686 2091 Mon'io
718 2051 769 2091 de
790 2051 1009 2105 Whiteby‚
1040 2055 1195 2092 nostrae
1226 2052 1360 2101 Dioc.‚
1393 2053 1445 2093 de
1482 2053 1611 2094 fratre

93 2118 291 2159 Johanne
327 2117 378 2159 de
415 2117 693 2167 Richemond,
730 2117 1033 2158 commonacho
1076 2117 1278 2171 ejusdem,
1314 2118 1360 2158 in
1395 2119 1609 2161 Abbatem

91 2184 174 2226 loci
209 2184 327 2225 illius
364 2184 509 2233 electo,
541 2183 610 2225 6111
640 2184 804 2238 regium
836 2184 1091 2224 adhibuistis
1124 2197 1345 2225 assensum
1375 2185 1533 2238 pariter
1568 2191 1611 2226 et

94 2251 291 2299 favorem,
330 2254 536 2304 tanquam
577 2250 628 2290 de
668 2263 848 2303 persona
883 2250 1048 2299 idonea,
1084 2250 1130 2289 in
1171 2250 1368 2290 omnibus
1410 2251 1610 2292 canonice

93 2316 347 2358 celebratam
368 2316 618 2357 auctoritate
640 2320 785 2356 nostra
815 2315 1027 2355 ordinaria
1058 2315 1414 2364 confirmavimus,
1439 2316 1610 2369 justitia

93 2382 299 2423 suadente
320 2395 414 2435 quae
436 2381 718 2421 dominationi
734 2383 886 2421 vestrae
901 2383 1046 2420 tenore
1062 2380 1338 2432 praesentium
1359 2380 1609 2423 intimamus

94 2448 236 2489 velitis
257 2447 484 2501 praecipere
505 2446 619 2500 quod
641 2447 693 2487 ad
708 2460 781 2486 vos
803 2445 983 2486 ulterius
1005 2446 1194 2499 pertinet
1216 2446 1260 2486 in
1277 2446 1357 2486 hac
1377 2451 1497 2500 parte
1519 2448 1609 2489 fieri

93 2528 191 2555 611111
222 2514 374 2554 favore.
438 2513 590 2553 Valeat
620 2517 663 2553 et
683 2512 823 2566 vigeat
855 2512 1123 2553 Excellentia
1154 2515 1293 2553 vestra
1324 2526 1398 2565 per
1418 2517 1611 2568 tempora

92 2580 273 2621 feliciter
295 2579 504 2619 duratura.
567 2579 620 2619 In
643 2592 821 2632 quorum
843 2578 1036 2618 omnium
1058 2582 1152 2619 test.
1185 2578 1375 2632 sigillum
1405 2585 1610 2631 nostrum,

94 2650 171 2687 616.
231 2646 396 2686 Datum
418 2644 485 2685 die
509 2647 551 2685 et
571 2644 675 2693 loco,
697 2648 773 2685 etc.

327 2779 604 2820 OBEDIENTIA
625 2788 677 2817 ET
698 2778 1007 2818 JURAMENTUM
1030 2787 1148 2817 DICTI
1171 2776 1376 2818 ABBATIS.

153 2871 208 2911 In
227 2870 312 2911 Dei
334 2870 518 2919 nomine,
538 2869 688 2910 Amen.
750 2869 851 2922 Ego,
873 2868 1002 2909 frater
1023 2869 1051 2909 J
1055 2868 1243 2908 ohannes
1275 2867 1327 2908 de
1358 2868 1610 2922 Richmond‚

96 2935 255 2977 electus
287 2936 332 2976 in
353 2936 565 2977 Abbatem
596 2934 748 2975 Mon’ii
770 2934 821 2975 de
842 2934 1051 2988 Whiteby
1072 2938 1115 2974 et
1146 2938 1427 2984 consecratus,
1448 2936 1500 2977 ab
1533 2938 1610 2979 hac

96 3002 200 3042 hora
231 3002 277 3042 in
311 3005 435 3043 antea
470 3001 608 3042 fidelis
645 3015 713 3042 610
746 3006 788 3042 61
818 3000 1018 3041 obediens
1047 3000 1248 3042 Ecclesiae
1284 3001 1528 3043 Cathedrali
1565 3005 1608 3046 Β.
