1889 3221
269 323 349 361 626
510 329 872 364 CARTULARIUM
897 330 1169 364 ABBATHIAE
1195 330 1260 363 DE
1285 330 1531 364 WHITEBY.

513 505 715 548 DXGIV.
777 505 1075 560 (Wickwaine,
1095 506 1122 548 f.
1147 510 1212 557 39,
1233 506 1317 548 and
1339 510 1383 548 at
1398 507 1424 548 s.
1449 507 1533 560 83.)

325 598 373 638 A.
416 597 464 639 G.
515 602 634 638 MOcc⁰
683 595 951 651 octogesimo,
991 596 1180 638 Domino
1229 610 1304 650 pro
1349 595 1557 637 tribunali
1606 594 1780 636 sedente

266 664 381 718 apud
394 664 584 718 Wylton,
598 663 661 704 vii
674 663 779 704 Idus
795 662 1071 716 Septembris,
1087 662 1326 717 comparuit
1340 662 1546 717 Magister
1558 662 1588 703 J
1591 661 1780 703 ohannes

266 731 318 772 de
353 731 543 780 Tocotes,
573 730 729 771 Rector
760 729 962 770 Ecclesiae
990 728 1042 770 de
1071 729 1208 778 Lithe,
1238 732 1415 770 vocatus
1444 728 1498 770 ad
1527 726 1779 769 instantiam

268 797 453 838 Abbatis
484 801 527 838 et
559 796 808 838 Conventus
844 795 897 837 de
927 795 1119 850 Wyteby
1158 808 1233 849 per
1265 795 1440 836 fratrem
1471 793 1780 849 Augustinum,

267 863 620 905 commonachum
669 875 808 912 suum,
859 862 1208 916 comparentium.
1296 862 1353 903 Et
1403 875 1501 903 cum
1556 874 1610 902 ex
1658 864 1779 914 parte

267 930 480 971 dictorum
509 928 691 970 Abbatis
722 931 766 969 et
797 928 1045 969 Conventus
1070 932 1375 982 proponeretur
1405 927 1520 982 quod
1549 926 1779 982 praedictus

267 996 422 1037 Rector
471 995 730 1049 quibusdam
785 994 962 1036 decimis
1013 1008 1119 1048 quas
1176 994 1348 1036 nomine
1403 994 1471 1035 sui
1525 992 1779 1035 Monasterii

267 1061 470 1103 canonice
500 1064 783 1115 perceperunt
803 1060 856 1101 ab
878 1060 1056 1114 antiquo
1088 1060 1313 1115 spoliasset
1342 1061 1485 1101 minus
1506 1060 1634 1114 juste,
1664 1058 1779 1100 idem

268 1128 424 1169 Rector
464 1127 517 1168 de
553 1126 807 1180 spoliatione
842 1126 936 1180 ipsa
969 1127 1016 1166 in
1041 1127 1137 1181 jure
1168 1126 1401 1176 confessus,
1431 1126 1547 1167 hunc
1576 1125 1682 1167 facti
1711 1124 1779 1166 sui

267 1194 415 1249 adjicit
464 1193 659 1242 colorem,
701 1192 817 1246 quod
866 1192 970 1233 olim
1019 1193 1198 1234 ecclesia
1239 1207 1327 1242 sua,
1367 1196 1417 1234 ut
1465 1192 1695 1242 intellexit,
1732 1191 1779 1232 in

268 1260 570 1315 praedictarum
605 1258 867 1299 decimarum
901 1258 1167 1312 possessione
1218 1258 1363 1300 extitit
1406 1258 1593 1312 pacifica,
1634 1258 1781 1311 sicque
1851 1274 1853 1276 ¹

266 1326 444 1369 consilio
477 1339 582 1366 usus
614 1325 757 1365 minus
797 1324 988 1378 provido,
1021 1338 1107 1366 non
1141 1324 1355 1366 malitiose
1387 1325 1434 1365 in
1465 1324 1545 1366 hac
1574 1327 1695 1378 parte
1726 1323 1779 1365 de

264 1393 378 1433 facto
408 1391 625 1446 processit.
687 1391 914 1441 Dominus
945 1404 1058 1441 vero,
1090 1391 1250 1432 auditis
1286 1391 1616 1445 allegationibus
1645 1390 1779 1444 partis

265 1459 490 1513 utriusque
540 1456 794 1511 praedictum
833 1456 1149 1498 Monasterium
1193 1456 1247 1497 ad
1286 1456 1598 1511 possessionem
1648 1469 1777 1510 quam

264 1525 417 1566 habuit
452 1524 650 1565 similiter
688 1523 890 1573 restituit,
931 1523 1157 1564 Rectorem
1196 1523 1339 1578 ipsum
1374 1522 1429 1564 ad
1463 1522 1777 1564 restitutionem

266 1590 526 1632 decimarum
545 1592 843 1643 perceptarum
864 1589 910 1629 in
931 1589 1066 1643 partis
1097 1589 1394 1643 praejudicium
1425 1588 1623 1638 adversae,
1643 1590 1693 1629 ut
1714 1590 1779 1629 est

263 1655 528 1710 praedictum,
568 1654 834 1708 integraliter
872 1654 1250 1708 condempnand03
1290 1654 1365 1708 qui
1401 1654 1556 1695 Rector
1594 1653 1687 1707 ipse
1731 1653 1778 1693 in

264 1721 423 1763 indicio
454 1721 614 1775 absque
645 1719 934 1761 diminutione
968 1719 1160 1774 qualibet
1188 1720 1412 1762 restituere
1443 1719 1638 1773 promisit
1667 1719 1778 1760 bona

264 1787 360 1837 fide,
396 1786 515 1828 salva
550 1785 689 1827 eidem
724 1785 896 1826 Rectori
931 1785 1203 1839 proprietatis
1238 1786 1473 1839 quaestione
1509 1785 1562 1826 ad
1593 1785 1777 1826 decimas

265 1852 515 1901 antedictas,
551 1851 621 1892 cui
661 1851 874 1891 Dominus
915 1864 990 1904 per
1030 1864 1157 1892 suum
1199 1851 1413 1893 decretum
1454 1850 1631 1892 minime
1670 1864 1776 1905 prae-

261 1918 453 1972 judicare
473 1916 660 1958 intendit
681 1916 876 1970 superius
896 1919 1159 1958 annotatum.

642 2088 844 2130 DXCIV.
867 2099 906 2129 Α.
968 2089 1216 2143 (Romanus,
1238 2089 1264 2130 f.
1291 2087 1394 2142 34¹³.)

265 2182 334 2223 UT
364 2189 646 2222 ADMITTATUR
673 2179 930 2220 MONACHUs
961 2189 1017 2219 DE
1048 2180 1449 2221 MUNKEBRETTONA
1478 2190 1525 2221 IN
1555 2179 1690 2221 DOMO
1718 2191 1775 2221 DE

579 2246 777 2287 WYTEBY
797 2255 875 2286 PRO
896 2255 1172 2286 POENITENTIA
1191 2255 1460 2286 PERAGENDA.

321 2348 351 2390 J
354 2347 543 2389 ohannes
564 2345 608 2386 P.
630 2345 683 2386 D.
706 2348 795 2395 etc„
809 2344 975 2386 dilectis
996 2345 1043 2385 in
1065 2344 1234 2387 Christo
1264 2345 1376 2395 filiis,
1396 2344 1558 2386 Abbati
1578 2347 1621 2386 et
1642 2346 1771 2388 Conv.

263 2415 316 2455 de
336 2412 556 2467 Wytheby
577 2410 770 2461 salutem,
791 2411 970 2465 gratiam
992 2414 1034 2453 et
1055 2411 1403 2452 benedictionem.
1455 2411 1630 2452 Summo
1651 2412 1774 2454 nobis

263 2483 328 2521 est
348 2479 490 2521 studio
511 2478 623 2519 sicut
642 2477 854 2518 incumbit
871 2490 923 2518 ex
945 2477 1088 2518 debito
1106 2476 1234 2518 saluti
1254 2477 1491 2531 prospicere
1507 2477 1774 2519 subditorum

263 2550 306 2588 et
329 2544 637 2598 Religiosorum
658 2543 870 2597 praecipue
891 2556 1069 2596 quorum
1092 2542 1508 2596 indisciplinatorum
1529 2556 1640 2584 error
1669 2544 1773 2585 dum

263 2627 307 2654 se
328 2610 599 2665 impudenter
618 2609 774 2663 ingerit
797 2609 910 2650 inter
935 2608 1182 2649 claustrales
1212 2608 1460 2662 proximiori
1489 2608 1675 2662 periculo
1706 2613 1771 2651 est

264 2678 470 2719 addictus,
515 2674 762 2717 Willelmus
776 2674 922 2728 itaque
935 2674 987 2715 de
999 2674 1257 2724 Wadworth,
1271 2674 1504 2715 monachus
1518 2674 1571 2715 de
1584 2674 1772 2716 Munke-

262 2745 456 2785 brettona
495 2745 650 2782 nostrae
691 2741 915 2790 dioceseos,
950 2743 1121 2794 propter
1156 2740 1360 2781 demerita
1390 2743 1434 2780 et
1462 2742 1602 2780 reatus
1631 2739 1767 2794 ipsius

263 2822 357 2863 quae
383 2807 597 2849 visitando
626 2809 668 2848 et
697 2806 951 2860 inquirendo
982 2806 1201 2848 evidenter
1230 2805 1473 2859 reperimus,
1503 2805 1578 2845 ubi
1604 2805 1769 2860 Regula

262 2872 531 2914 Monachalis
562 2872 789 2913 salubriter
819 2875 861 2913 et
891 2871 1049 2922 stricte,
1082 2872 1194 2913 sicut
1224 2870 1488 2920 confidimus,
1509 2871 1767 2922 observatur,

263 2937 594 2979 transmittimus
626 2936 679 2978 ad
709 2937 979 2978 subeundum
1009 2937 1230 2979 humiliter
1259 2950 1334 2990 per
1362 2949 1438 2977 nos
1468 2936 1766 2990 poenitentiam
