1889 3221
330 364 691 398 CARTULARIUM
715 364 985 397 ABBATHIAE
1008 365 1072 397 DE
1093 365 1339 398 WHITEBY.
1520 357 1599 394 497

87 473 291 515 Omnium
322 474 575 515 Sanctorum
605 474 658 515 de
689 473 970 528 Fiskeregate,
992 488 1090 515 011111
1120 479 1223 528 pert.
1251 474 1351 523 suis,
1383 478 1426 515 et
1457 487 1604 515 omnes

83 539 182 580 t’ras
205 543 247 581 et
263 540 456 581 homines
478 541 524 580 in
542 540 689 581 eadem
711 540 884 581 civitate
905 539 1106 581 Ecclesiae
1130 540 1167 581 S.
1186 541 1303 581 Petri
1325 544 1367 581 et
1389 540 1426 581 S.
1448 540 1604 594 Hyldae

84 606 359 660 pertinentes,
381 619 478 647 cum
501 620 599 647 soca
620 611 663 646 et
684 619 792 655 saca,
815 610 857 646 et
870 606 932 646 tol
949 610 990 647 et
1006 606 1165 656 theam,
1183 610 1225 647 et
1245 606 1604 660 infangenetheof,

86 676 126 712 et
149 685 246 712 cum
269 672 465 712 omnibus
488 672 624 712 libert.
648 675 690 712 et
713 676 898 712 consuet.
923 685 1028 725 quas
1053 672 1216 712 habent
1237 672 1325 712 t'rae
1347 676 1389 713 et
1410 671 1603 712 homines

85 738 124 778 S.
148 738 264 778 Petri
286 743 327 778 et
350 739 388 779 S.
412 738 619 779 Cudberti
639 738 685 778 in
707 737 854 778 eadem
872 738 1046 779 civitate
1064 738 1356 779 consistentes.
1410 737 1604 779 Concedo

85 803 214 844 etiam
236 808 279 844 et
301 804 407 844 conf.
430 803 556 857 praed.
579 803 781 844 Ecclesiae
802 803 854 844 de
876 803 1066 858 witeby,
1083 808 1125 844 et
1142 804 1304 844 Abbati
1326 807 1368 844 et
1384 802 1604 843 monachis

84 869 204 910 illius
230 869 324 918 loci,
346 873 394 909 ut
415 869 602 910 habeant
623 873 665 910 et
685 869 931 922 possideant
953 869 999 909 in
1030 869 1269 909 dominium
1301 882 1427 909 suum
1458 881 1603 908 omnes

91 935 202 984 t'ras‚
224 935 417 984 forestas,
432 949 605 976 nemora
637 938 679 976 et
709 939 904 988 pasturas
937 935 1061 976 terris
1092 935 1292 975 Abbatiae
1324 948 1411 975 suae
1442 934 1602 988 pertin-

86 1006 217 1050 entes,
259 1001 320 1042 ita
360 1001 503 1051 libere,
545 1001 700 1055 quiete,
741 1001 881 1055 plene,
922 1004 964 1041 et
1003 1001 1248 1051 honorifice,
1291 1005 1339 1041 ut
1379 1000 1525 1040 nullus
1552 1000 1603 1040 de

87 1067 294 1108 ministris
327 1067 482 1108 nostris
514 1067 775 1108 intromittat
806 1081 850 1108 se
872 1067 923 1108 de
955 1067 1212 1116 nemoribus,
1234 1081 1312 1108 nec
1344 1066 1395 1108 de
1416 1066 1603 1120 pasturis

86 1133 288 1174 Ecclesiae
325 1133 363 1174 S.
397 1134 523 1183 Petri,
555 1137 597 1174 et
628 1133 790 1174 Abbati
826 1138 869 1174 et
909 1133 1130 1175 monachis
1162 1133 1489 1187 pertinentibus,
1526 1146 1603 1173 nec

85 1199 308 1253 prohibeat
330 1213 399 1240 eos
421 1200 558 1241 facere
579 1199 816 1254 proficuum
848 1213 974 1240 suum
1006 1200 1058 1240 de
1089 1199 1332 1240 nemoribus
1355 1203 1397 1240 et
1417 1198 1603 1253 pasturis

86 1279 241 1306 eorum.
303 1266 360 1306 Et
394 1266 580 1307 habeant
621 1266 753 1307 libere
789 1266 1030 1307 forestarios
1068 1270 1111 1307 et
1147 1265 1367 1306 ministros
1404 1278 1514 1314 suos,
1550 1264 1603 1305 ad

86 1345 259 1372 nemora
290 1345 367 1372 sua
398 1335 440 1373 et
475 1335 669 1386 pasturas
711 1346 809 1373 suas
845 1332 1158 1373 custodiendas.
1219 1333 1275 1373 Et
1310 1331 1513 1386 prohibeo
1549 1344 1603 1371 ne

86 1396 243 1451 aliquis
274 1397 384 1438 infra
418 1403 552 1439 metas
589 1401 630 1439 et
666 1398 824 1439 divisas
858 1399 1072 1452 praedictae
1109 1398 1237 1447 Eccl,
1269 1402 1311 1439 et
1341 1397 1525 1438 Abbatis
1562 1400 1604 1437 et

86 1462 402 1512 monachorum,
424 1477 648 1505 commune
669 1463 825 1504 habeat
849 1465 895 1504 in
917 1464 1160 1504 nemoribus
1183 1467 1225 1504 et
1245 1463 1430 1517 pasturis
1447 1476 1603 1511 eorum,

87 1528 169 1569 nisi
191 1542 264 1581 per
283 1529 502 1569 licentiam
524 1543 679 1570 eorum.
743 1529 937 1570 Concedo
960 1530 1088 1570 etiam
1111 1533 1152 1569 et
1169 1529 1369 1569 confirmo
1390 1528 1603 1581 praedictae

87 1594 197 1634 Eccl.
221 1607 366 1634 omnes
395 1594 657 1644 donat-iones,
679 1598 720 1634 et
741 1594 876 1634 libert.
901 1599 942 1634 et
969 1598 1169 1644 consuet„
1191 1594 1334 1647 qua[s]
1357 1593 1602 1633 WVillelmus

87 1660 192 1708 Reiz,
213 1673 394 1713 proavus
425 1674 556 1709 meus,
578 1664 620 1701 et
641 1660 886 1701 XVillelmus
918 1661 1023 1710 Rex,
1044 1660 1158 1701 filius
1191 1661 1293 1714 ejus,
1316 1664 1358 1700 et
1388 1659 1602 1700 Henricus

88 1726 190 1774 Rex,
222 1739 326 1767 avus
358 1739 489 1775 meUS,
521 1726 600 1767 eid.
633 1726 744 1767 Eccl.
778 1726 996 1775 dederunt,
1029 1730 1070 1767 et
1102 1726 1229 1767 cartis
1261 1725 1349 1766 suis
1381 1725 1602 1766 confirma-

87 1795 250 1832 verunt.
302 1792 461 1833 Omnes
484 1805 582 1833 vero
609 1792 859 1833 donationes
881 1791 1092 1833 Willelmi
1124 1792 1175 1833 de
1197 1792 1343 1845 Percy‚
1364 1791 1603 1832 fundatoris

86 1857 211 1911 praed.
248 1856 457 1906 Abbatiae,
494 1860 536 1898 et
574 1857 704 1898 Alani
738 1857 789 1898 de
821 1858 954 1911 Percy
987 1857 1065 1897 filii
1101 1857 1206 1911 ejus,
1237 1861 1280 1897 et
1309 1856 1520 1897 Willelmi
1552 1856 1603 1897 de

89 1923 233 1976 Percy,
254 1922 335 1963 filii
356 1922 497 1972 Alani,
515 1927 558 1963 et
579 1923 760 1963 aliorum
782 1923 1086 1964 advocatorum
1108 1937 1292 1972 suorum,
1308 1923 1422 1963 unde
1443 1922 1605 1963 habent

87 1991 221 2028 cartas
244 2001 400 2036 eorum,
423 1992 464 2028 et
487 1988 591 2029 duas
614 1993 831 2029 carucatas
856 1989 943 2029 t'rae
965 1989 1011 2028 in
1034 1989 1270 2037 HakeneSS,
1292 1991 1334 2029 et
1357 1993 1538 2042 quatuor
1558 1988 1604 2028 in

88 2053 305 2102 Nordfeld,
338 2058 380 2095 et
411 2054 516 2095 duas
548 2055 592 2094 in
624 2055 964 2109 Briningestona,
987 2069 1085 2096 cum
1106 2059 1211 2109 pert.
1236 2054 1336 2104 suis,
1363 2054 1455 2095 sine
1487 2054 1603 2094 omni

86 2119 209 2173 geldo
246 2118 389 2173 (16812)
408 2170 414 2175 ·
432 2121 614 2161 concedo
651 2121 724 2170 eis,
765 2124 808 2161 et
848 2121 1050 2161 confirmo
1091 2121 1137 2161 111
1180 2120 1298 2162 elem.
1341 2123 1601 2174 perpetuam.

89 2186 227 2235 Quare
248 2185 344 2226 volo
367 2190 409 2226 et
429 2186 627 2240 praecipio
659 2191 709 2227 ut
730 2187 837 2227 bene
869 2191 911 2227 et
932 2186 977 2227 in
1002 2201 1117 2241 pace,
1140 2191 1181 2227 et
1202 2186 1273 2227 lib.
1297 2190 1339 2227 et
1360 2186 1537 2226 honorif.
1562 2190 1604 2227 et

87 2253 230 2305 quiete
255 2256 430 2293 teneant
451 2253 648 2293 ecclesias
678 2256 720 2294 et
742 2253 927 2294 decimas
950 2258 993 2294 et
1013 2254 1112 2293 t'ras
1144 2266 1253 2301 suas,
1275 2252 1321 2292 in
1346 2252 1471 2292 bosco
1495 2256 1537 2292 et
1557 2252 1601 2292 in

88 2318 226 2371 plano,
263 2318 309 2358 in
348 2319 482 2372 pratis
525 2324 567 2359 et
608 2319 793 2372 pasturis
839 2323 882 2359 et
922 2319 1179 2359 molendinis
1222 2322 1264 2358 et
1305 2318 1514 2367 marescis,
1556 2318 1601 2357 111

88 2383 261 2424 vivariis
293 2387 336 2424 et
365 2384 570 2437 piscariis,
602 2384 648 2424 in
681 2384 841 2437 stagnis
884 2388 926 2424 et
967 2384 1165 2433 exclusis,
1200 2384 1311 2423 infra
1342 2383 1524 2437 burgum
1561 2388 1603 2423 et

88 2454 218 2499 extra,
239 2450 285 2489 in
307 2450 408 2490 foris
431 2454 473 2490 et
494 2450 624 2498 feriis,
644 2450 690 2489 in
712 2450 884 2491 civitate
907 2453 949 2490 et
970 2455 1100 2499 extra,
1122 2450 1167 2489 in
1190 2449 1355 2489 forestis
1379 2453 1421 2489 et
1443 2448 1603 2498 divisis,

88 2516 133 2555 in
155 2515 358 2556 vaccariis
390 2520 433 2556 et
457 2515 752 2564 heremitoriis‚
784 2515 829 2555 in
861 2515 1025 2556 semitis
1058 2519 1099 2556 et
1130 2515 1223 2562 viis,
1256 2518 1298 2555 et
1328 2514 1374 2554 in
1406 2515 1602 2556 omnibus

87 2583 192 2623 locis
214 2587 256 2624 et
276 2583 414 2631 rebus,
436 2596 533 2622 cum
555 2582 752 2622 omnibus
774 2581 1044 2622 libertatibus
1078 2586 1120 2622 et
1146 2581 1482 2634 quietationibus
1504 2595 1601 2622 cum

88 2648 243 2701 quibus
264 2647 416 2688 melius
439 2652 480 2688 et
500 2647 677 2688 liberius
698 2650 930 2688 tenuerunt
951 2647 1217 2701 temporibus
1237 2646 1448 2687 Willelmi
1475 2647 1601 2702 Regis

88 2714 236 2768 proavi
266 2714 362 2762 mei,
392 2718 434 2754 et
458 2713 669 2754 willelmi
700 2713 827 2767 Regis
855 2713 935 2753 filii
966 2713 1069 2766 ejus,
1091 2717 1133 2753 et
1165 2712 1343 2753 Henrici
1374 2713 1500 2767 Regis
1531 2713 1601 2753 avi

89 2779 183 2819 mei.
244 2779 368 2819 Teste
409 2779 588 2819 Ricardo
632 2778 858 2832 Archiep'o
896 2778 1093 2819 Cantuar.
1158 2778 1338 2818 Ricardo
1375 2779 1426 2819 de
1463 2779 1600 2819 Lusci.

89 2844 283 2885 Jocelino
305 2844 355 2885 de
377 2844 577 2885 Luvaine.
639 2845 729 2885 Nos
751 2844 882 2898 igitur
902 2844 1125 2898 praedictas
1147 2844 1449 2893 concessiones,
1473 2845 1601 2885 dona-

89 2911 238 2958 tiones,
261 2914 303 2950 et
329 2910 545 2951 libertates
576 2914 716 2964 gratas
739 2915 780 2951 et
808 2914 921 2950 ratas
952 2910 1158 2951 habemus
1178 2924 1254 2965 pro
1276 2910 1397 2951 nobis
1429 2915 1472 2951 et
1502 2911 1598 2951 haer.

90 2975 255 3025 nostris,
285 2975 522 3030 ipsas[que]
554 2976 755 3030 praesenti
792 2989 822 3017 c.
861 2979 1007 3016 nostra
1043 2976 1244 3017 duximus
1280 2976 1601 3026 confirmandas,
