1889 3221
313 363 675 397 CARTULARIUM
701 363 969 396 ABBATHIAE
995 363 1060 395 DE
1083 362 1333 395 WHITEBY.
1512 355 1592 391 659

77 487 263 528 praesens
294 473 340 515 in
365 473 501 515 officio
524 472 767 514 Vicariatus
798 471 992 527 praedicti
1023 471 1196 520 utimur,
1223 470 1509 525 praesentibus
1531 474 1596 511 est

76 553 322 593 appensum.
373 540 538 580 Datum
558 539 682 580 Ebor.
706 539 787 589 die,
808 551 967 588 mense,
983 538 1076 579 loeo
1094 540 1136 578 et
1152 537 1260 578 ΑΒ.
1284 536 1597 591 suprascriptis.

135 606 190 646 In
229 605 314 647 Dei
347 605 533 655 nomine,
568 605 721 646 Amen.
797 604 925 645 Anno
967 604 1018 645 ab
1061 603 1365 645 Incarnatione
1405 602 1597 656 ejusdem

76 671 311 711 secundum
361 684 533 711 cursum
582 674 625 711 et
675 670 1040 724 computationem
1095 668 1299 710 Ecclesiae
1348 668 1597 722 Anglicanae

78 735 457 786 M0000m01xx0ijiit0,
490 736 734 777 Indictione
769 736 881 776 xiima
916 735 1200 776 Pontificatus
1242 734 1513 776 Sanctissimi
1549 733 1594 773 in

79 801 249 843 Christo
281 803 415 856 patris
456 806 499 844 et
533 802 619 843 d'ni
651 802 798 852 nostri,
830 802 933 843 D’ni
965 802 1172 856 Gregorii,
1209 801 1293 842 div,
1325 800 1597 855 providentia

78 867 215 922 Papae,
236 868 474 918 undecima,
495 868 554 909 ΑΟ
585 873 749 922 quarto,
771 882 917 909 mense
938 869 968 910 J
972 868 1077 917 unii,
1104 868 1172 909 die
1193 867 1400 908 vicesima
1430 870 1595 920 quarta,

78 933 156 974 viz.
186 934 254 974 die
286 934 560 975 S.J011annis
593 934 813 988 Baptistae,
841 934 954 974 infra
982 933 1192 987 capellam
1227 933 1265 974 S.
1298 932 1453 973 Jacobi
1484 932 1597 972 infra

80 999 278 1048 London',
301 999 476 1053 Capella
497 1000 548 1040 de
573 1000 615 1040 la
647 1000 900 1054 Hermitage
920 998 1110 1053 vulgarie
1142 1001 1406 1052 nuncupata,
1435 997 1482 1037 in
1511 997 1596 1038 mei

78 1065 235 1105 notarii
265 1065 495 1119 subscripti
517 1069 559 1107 et
586 1065 765 1106 testium
796 1065 1132 1119 subscriptorum
1162 1063 1391 1119 praesentia
1421 1063 1595 1117 quidam

79 1130 317 1184 Religiosus
333 1131 411 1181 vir,
428 1131 565 1172 D’nus
587 1132 616 1173 J
620 1131 821 1181 ohannes,
838 1131 885 1171 in
905 1131 1119 1172 Abbatem
1140 1130 1292 1171 Mon'ii
1309 1130 1361 1170 de
1377 1129 1596 1183 WhiteIzy,

80 1197 252 1238 Ordinis
287 1197 326 1238 S.
361 1197 597 1247 Benedicti,
630 1198 753 1239 Ebor.
779 1197 913 1247 Dioc,
942 1200 990 1237 ut
1023 1196 1216 1246 asseruit,
1253 1195 1427 1245 electus,
1456 1209 1597 1236 coram

78 1262 327 1304 Venerabili
356 1266 478 1317 patre
504 1267 547 1304 et
571 1263 694 1313 D'no,
725 1264 754 1305 J
757 1262 936 1312 ohanne,
958 1262 1236 1316 permissione
1268 1261 1352 1303 div.
1375 1261 1597 1315 Aybonen'

78 1328 299 1382 Episcopo,
339 1329 618 1383 personaliter
668 1328 945 1378 constitutus,
987 1328 1195 1382 quasdam
1244 1327 1597 1368 litteras—videl.

79 1408 210 1435 unam
252 1395 441 1436 clausam
476 1394 684 1436 Venerab.
725 1394 860 1449 patris
900 1394 1120 1448 impresso,
1161 1397 1204 1435 et
1244 1394 1373 1434 aliam
1407 1393 1598 1434 litteram

79 1464 298 1514 patentem
317 1461 588 1502 Venerabilis
619 1461 752 1514 patris
784 1464 826 1501 et
857 1460 956 1509 d'ni‚
986 1460 1090 1500 D'ni
1116 1460 1328 1514 Symonis,
1348 1473 1480 1512 perm.
1512 1459 1599 1500 div.

79 1526 282 1580 Episcopi
313 1526 618 1576 Londonensis‚
640 1526 825 1580 quodam
856 1526 997 1580 sigillo
1029 1526 1209 1580 oblongo
1231 1525 1367 1579 ipsius
1390 1525 1478 1566 d'ni
1502 1525 1598 1579 Ep'i

79 1592 126 1632 in
162 1605 256 1632 cera
290 1591 419 1632 viridi
460 1591 727 1645 impendenti
763 1604 962 1645 appenso,
1003 1594 1053 1632 ut
1093 1591 1303 1645 apparuit,
1344 1590 1598 1644 singillatim

80 1657 218 1698 eidem
259 1657 466 1698 Venerab.
507 1656 632 1711 patri,
673 1656 769 1697 d'no
809 1657 914 1710 Ep'o
954 1656 1190 1711 Aybonen',
1231 1670 1330 1698 cum
1371 1656 1515 1697 debita
1555 1662 1600 1698 et

79 1723 247 1773 humili,
269 1736 353 1777 qua
381 1723 536 1772 decuit,
557 1723 797 1763 reverentia
826 1722 1103 1777 praesentavit
1124 1727 1167 1763 et
1187 1722 1366 1763 tradidit
1397 1736 1448 1763 ex
1478 1726 1599 1776 parte

78 1789 285 1831 Venerab.
315 1791 487 1842 patrum
517 1788 829 1842 praedictorum,
859 1788 1079 1842 requirens
1111 1788 1294 1829 eundem
1321 1788 1468 1829 d'num
1488 1788 1597 1830 Ven.

78 1859 255 1909 patrem,
286 1855 431 1896 d'num
456 1855 611 1908 Ep'um
632 1855 867 1908 Aybonen',
889 1858 950 1905 ut,
982 1855 1218 1897 secundum
1247 1858 1290 1896 et
1315 1855 1443 1909 juxta
1464 1854 1598 1895 conti—

80 1920 271 1961 nentiam
312 1924 355 1961 et
395 1924 586 1961 tenorem
626 1920 818 1975 ipsarum
862 1921 1117 1970 litterarum,
1157 1934 1201 1962 se
1242 1921 1385 1975 ipsum
1424 1922 1599 1962 fratrem

79 1986 109 2027 J
112 1986 323 2027 ohannem
353 1986 399 2026 in
431 1986 645 2027 Abbatem
678 1986 784 2027 dicti
814 1986 968 2027 Mon'ii
997 1986 1049 2028 de
1079 1986 1288 2040 Whiteby
1317 1987 1599 2036 benediceret,

80 2056 123 2093 et
162 2051 246 2092 sibi
285 2065 444 2093 munus
484 2051 798 2093 benedictionis
844 2052 1123 2106 impenderet,
1167 2055 1210 2093 et
1250 2055 1402 2093 caetera
1443 2052 1600 2094 faceret

80 2120 123 2158 et
158 2121 372 2158 exerceret
406 2117 454 2158 in
489 2131 587 2159 eum
623 2131 718 2172 quae
754 2131 831 2159 suo
861 2118 1167 2159 incumbebant
1201 2118 1337 2159 officio
1369 2118 1599 2172 episcopal-i

79 2183 123 2223 in
165 2183 245 2224 hac
285 2187 415 2237 parte.
497 2183 680 2224 Tenores
720 2197 820 2224 vero
861 2184 953 2237 ejus
994 2184 1238 2225 litterarum
1283 2184 1335 2225 de
1375 2185 1504 2225 verbo
1545 2184 1599 2225 ad

77 2249 255 2290 verbum
277 2252 518 2302 sequuntur
538 2249 833 2290 tales—videl.
862 2249 1020 2290 litterae
1050 2249 1158 2290 dicti
1178 2250 1286 2291 Ven.
1318 2250 1452 2302 patris
1474 2250 1599 2290 electi

81 2314 284 2355 confectae
334 2313 537 2355 Ecclesiae
578 2314 630 2354 de
671 2314 795 2355 Ebor.
837 2314 937 2354 talis
979 2318 1043 2354 est
1083 2317 1205 2354 tenor
1220 2314 1436 2354 2—Frater
1474 2315 1598 2355 nobis

80 2378 308 2427 carissime,
325 2392 422 2419 cum
446 2382 545 2419 ante
565 2378 852 2432 receptionem
873 2379 997 2432 pallii
1018 2392 1067 2420 ea
1083 2392 1179 2432 quae
1195 2382 1297 2419 sunt
1317 2379 1598 2420 Pontificatus

82 2443 308 2498 dignitatis
354 2443 602 2484 nullatenus
652 2443 920 2485 intendimus
961 2458 1167 2494 exercere,
1216 2444 1374 2485 idcirco
1414 2449 1599 2486 vestram

81 2509 392 2550 fraternitatem
420 2522 617 2563 rogamus
648 2509 830 2550 corditer
853 2523 929 2563 per
949 2513 1179 2563 praesentes
1211 2510 1413 2564 quatinus
1445 2510 1599 2551 dilecto

80 2574 168 2616 filio
190 2577 335 2615 nostro
356 2573 549 2616 Johanni
571 2574 623 2615 de
645 2574 922 2624 Richemond,
944 2575 1105 2616 Abbati
1136 2575 1289 2616 Mon’ii
1319 2575 1371 2616 de
1392 2575 1599 2629 Whiteby

82 2640 204 2681 nobis
235 2639 483 2681 immediate
521 2639 703 2693 subjecti
738 2639 885 2690 electo,
915 2645 958 2681 et
988 2644 1132 2682 vestra
1162 2641 1414 2681 auctoritate
1450 2641 1599 2681 confir-

81 2709 209 2754 mato,
241 2705 465 2746 diocesana
494 2704 670 2746 licentia
694 2704 869 2758 penitus
898 2705 1085 2754 obtenta,
1105 2718 1263 2746 munus
1290 2704 1599 2746 benedictionis

82 2784 180 2811 cum
201 2769 319 2811 omni
343 2769 561 2811 celeritate
590 2769 790 2824 possibili
820 2770 1059 2824 dignemini
1087 2770 1343 2825 impendere.
1404 2770 1600 2812 Gratiose

81 2840 269 2876 vestram
290 2839 513 2877 conservet
533 2835 749 2876 Dominus
781 2835 1137 2885 incolumitatem,
1157 2849 1232 2889 per
1252 2839 1445 2889 tempora
1475 2836 1600 2877 dura-

83 2905 189 2942 tura.
237 2901 453 2955 Scriptum
469 2900 584 2955 apud
598 2900 837 2955 Claveryng
851 2900 991 2941 1111111ιο
1005 2901 1034 2942 J
1037 2900 1141 2942 unii.
1188 2901 1322 2955 Cujus
1335 2902 1599 2956 Ven.patris,

85 2965 170 3006 d’ni
192 2966 287 3020 Ep’i
303 2966 504 3017 London„
524 2966 679 3008 litterae
699 2970 823 3008 tenor
843 2965 942 3007 talis
959 2969 1023 3008 est
1038 2966 1211 3008 :—Ven.
1228 2967 1274 3007 in
1292 2967 1461 3009 Christo
1477 2967 1600 3022 patri,
