1889 3221
371 376 731 411 OARTULARIUM
753 376 1023 409 ABBATHIAE
1045 376 1110 408 DE
1135 374 1382 407 WHITEBY.
1549 362 1628 400 619

234 487 285 528 It.
319 488 351 528 ii
372 486 624 529 mulieribus
645 487 916 541 portantibus
938 485 1115 540 lapides,
1136 518 1142 525 .
1256 483 1334 524 iis.

252 587 272 603 ‚,
313 556 514 594 extraneo
535 553 747 594 conducto
767 566 843 607 per
862 567 891 594 v
913 552 1013 601 dies,
1130 584 1138 591 .
1259 564 1286 590 x
1308 549 1346 590 d.

246 651 267 666 ,‚
307 618 407 660 Tho.
432 618 597 660 Sclater
617 623 659 660 et
679 617 767 660 filio
789 618 892 672 ejus,
1006 650 1012 658 .
1133 650 1140 657 .
1260 615 1323 655 iiii
1337 614 1378 655 li.
1397 613 1443 654 iii
1458 626 1487 653 s.
1510 611 1574 652 iiii
1587 611 1624 650 d.

593 684 771 726 Summa
792 684 854 724 xii
870 683 912 724 11.
935 683 1011 724 xix
1028 696 1058 724 s.
1081 682 1113 722 ii
1129 683 1165 722 d.

118 797 308 840 ORREUM
329 810 560 841 DEGIMALE.

232 882 436 936 Inprimis
461 896 537 936 pro
570 881 840 923 trituratione
868 896 956 922 xxx
997 884 1133 935 quart.

291 948 506 998 frumenti,
620 981 627 990 .
747 981 754 988 .
875 982 882 988 .
1002 980 1010 988 .
1131 980 1137 987 .
1258 959 1287 985 X
1301 957 1329 985 s.

234 1013 285 1053 It.
326 1027 401 1067 pro
433 1012 735 1054 ventilatione¹
776 1013 963 1053 iiixxxiiii
1003 1018 1139 1066 quart.

290 1080 423 1133 grani,
490 1113 496 1120 .
618 1113 625 1120 .
744 1112 751 1119 .
874 1111 881 1118 .
1002 1113 1009 1119 .
1130 1111 1136 1117 .
1258 1075 1333 1116 iis.
1356 1075 1422 1116 id.

651 1144 828 1185 Summa
848 1144 957 1185 xxiii
973 1157 1002 1185 s.
1026 1143 1057 1184 ii
1071 1143 1108 1185 d.

119 1234 337 1276 EXPENSAE
357 1245 472 1277 APUD
494 1236 719 1277 LAIRPELL.
745 1230 748 1231 ⁷

234 1309 440 1363 Inprimis
473 1310 525 1351 de
561 1324 650 1351 xxx
687 1323 842 1364 precar.
886 1309 938 1351 de
979 1309 1142 1351 Sneton

290 1374 462 1425 ibidem,
506 1409 513 1415 .
625 1408 631 1416 .
753 1408 761 1417 .
882 1407 890 1416 .
1010 1408 1017 1415 .
1138 1407 1144 1415 .
1264 1372 1368 1415 viis.
1389 1370 1486 1412 vid.

712 1441 890 1483 Summa
910 1445 1038 1494 patet.

120 1538 338 1580 EXPENSAE
358 1550 474 1580 APUD
496 1540 736 1582 STAKESBY.

237 1613 453 1667 Inprimis,
475 1627 552 1668 pro
581 1614 854 1655 trituratione
876 1612 981 1654 xxix
1008 1614 1143 1666 quart.

294 1679 499 1721 frumenti
520 1684 563 1721 et
584 1679 778 1734 siliginis,
874 1712 882 1720 .
1001 1712 1008 1719 .
1130 1712 1136 1718 .
1256 1677 1302 1717 ix
1316 1690 1345 1718 s.
1368 1676 1445 1717 viii
1459 1676 1496 1716 (1.

238 1743 291 1786 It.
313 1759 389 1800 pro
410 1745 426 1785 i
447 1744 621 1787 scotall2
641 1745 755 1795 ibid.,
877 1778 884 1786 .
1005 1778 1012 1785 .
1133 1778 1139 1784 .
1258 1743 1306 1783 iii
1320 1742 1357 1784 d.

346 1845 355 1861 ,
415 1811 664 1853 collectione
687 1811 861 1853 decimae
881 1811 996 1861 ibid.,
1137 1844 1143 1850 .
1219 1861 1222 1863 Β
1263 1809 1350 1850 vis.
1374 1808 1452 1850 viii
1467 1807 1503 1848 d.

666 1877 842 1919 Summa
861 1877 924 1918 lix
938 1877 985 1919 li.
1005 1877 1100 1918 vid.

123 1977 341 2019 EXPENSAE
362 1988 479 2019 APUD
499 1978 721 2019 DUNSLEY.

239 2052 442 2106 Inprimis
456 2065 532 2106 pro
545 2052 792 2093 inductione
806 2051 980 2093 decimae
993 2051 1165 2100 ibidem,
1254 2049 1298 2090 vi
1315 2063 1345 2090 s.
1367 2048 1443 2090 viii
1457 2048 1493 2088 d.

240 2118 292 2158 It.
315 2131 391 2172 pro
413 2117 513 2159 vino
535 2117 580 2158 in
602 2118 670 2158 die
687 2118 874 2167 Paschae,
1003 2150 1010 2158 .
1130 2149 1137 2157 .
1258 2115 1322 2155 iiii
1338 2115 1374 2156 d.

254 2216 275 2233 „
334 2216 357 2233 „
411 2183 647 2224 halicandil
667 2183 735 2234 ib„
877 2216 885 2224 .
1004 2216 1012 2224 .
1133 2215 1140 2222 .
1261 2180 1325 2221 id.
1349 2180 1412 2221 ob.

254 2281 276 2298 „
316 2248 453 2290 officio
474 2248 716 2289 infirmariae
736 2261 813 2302 pro
834 2248 1030 2289 clausura
1050 2248 1118 2296 ib„
1266 2246 1326 2285 xii
1339 2259 1369 2286 s.

627 2314 804 2355 Summa
825 2327 942 2353 xxxv
957 2327 985 2354 s.
1008 2313 1069 2354 vii
1083 2312 1120 2353 d.

125 2413 344 2454 EXPENSAE
365 2422 479 2453 APUD
500 2411 676 2453 AsrLBY.

243 2485 446 2540 Inprimis
466 2498 543 2539 pro
564 2485 845 2527 celebratione
866 2484 1037 2534 ibidem,
1136 2517 1143 2524 .
1263 2497 1321 2524 xx
1335 2496 1364 2524 s.

242 2552 295 2594 It.
319 2551 561 2594 Celebranti
582 2551 628 2592 in
648 2551 716 2593 die
737 2551 924 2601 Paschae,
1010 2584 1017 2590 .
1138 2583 1144 2590 .
1264 2549 1309 2589 vi
1322 2549 1360 2589 d.

255 2652 275 2668 ,‚
318 2617 481 2659 Clerico
502 2617 570 2667 ib„
591 2617 739 2659 eodem
759 2617 839 2667 die,
879 2650 888 2658 .
1008 2650 1014 2656 .
1135 2649 1141 2656 .
1261 2615 1292 2655 11
1308 2614 1346 2655 (1.

256 2716 278 2733 ,,
316 2696 393 2738 pro
414 2682 515 2724 vino
536 2682 684 2724 eodem
705 2683 788 2732 (116,
881 2715 889 2723 .
1009 2715 1015 2722 .
1136 2715 1142 2721 .
1264 2680 1308 2720 vi
1324 2680 1360 2720 d.

650 2748 826 2790 Summa
847 2748 954 2789 xxiii
970 2761 1000 2789 s.
1022 2748 1066 2789 vi
1080 2747 1117 2788 d.

173 2839 185 2860 ¹
210 2839 440 2883 Winnowing
454 2852 463 2879 ;
490 2850 539 2880 or,
557 2850 594 2872 as
612 2839 642 2872 it
658 2839 688 2871 is
706 2839 819 2872 called
836 2840 872 2871 in
889 2839 950 2872 the
967 2838 1118 2878 district,
1136 2838 1332 2878 winderinq.

172 2893 186 2915 ²
212 2898 232 2913 “
244 2902 418 2939 Scothala,
439 2902 667 2937 Scotteshale,
700 2900 708 2913 ‘
720 2895 844 2927 Public
861 2893 1117 2936 compotations
1135 2896 1172 2925 at
1198 2893 1259 2925 the
1277 2893 1403 2936 charge
1421 2893 1458 2926 of
1474 2903 1569 2925 some
1587 2892 1641 2924 for

128 2950 189 2982 the
213 2950 345 2984 benefit
361 2951 398 2984 of
422 2951 786 2993 others.’—Spelman.
821 2974 828 2983 .
857 2974 864 2981 .
891 2974 899 2982 .
928 2950 958 2981 A
976 2948 1094 2981 forced
1119 2948 1361 2981 contribution
1386 2948 1499 2980 Ievied
1521 2959 1565 2980 011
1579 2948 1639 2979 the

130 3007 293 3045 pretence
310 3017 347 3038 or
365 3006 524 3038 occasion
542 3006 579 3038 of
595 3018 615 3039 a
633 3004 993 3047 festivity.'⁷—<Select
1013 3003 1183 3043 Chao-cers,
1203 3004 1296 3039 548.)
