1889 3221
350 345 709 378 UARTULARIUM
736 346 1003 379 ABBATHIAE
1030 347 1093 379 DE
1118 347 1365 380 WHITEBY.
1539 340 1618 376 499

105 453 212 504 aliis,
248 454 414 510 ingredi
452 455 624 497 feodum
661 455 842 510 alicujus
878 457 938 498 ita
965 457 1078 512 quod
1110 457 1163 498 ad
1193 470 1370 497 manum
1410 460 1621 498 mortuam

104 520 314 571 deveniat,
337 521 428 563 sine
458 521 631 563 licentia
661 526 806 563 nostra
838 527 880 564 et
911 523 1106 577 capitalis
1139 523 1227 563 d'ni
1259 522 1311 563 de
1336 536 1419 576 quo
1451 536 1517 564 res
1548 522 1623 563 illa

103 586 348 629 immediate
388 588 823 630 tenetur—Volentes
863 592 1007 630 tamen
1049 589 1204 630 dilecto
1242 593 1284 630 et
1319 589 1438 630 fideli
1478 591 1621 629 nostro

105 652 292 694 Henrico
324 654 375 695 de
407 654 563 707 Percy1
583 654 764 708 gratiam
796 655 933 696 facere
955 655 1195 709 specialem,
1218 655 1411 696 dedimus
1434 655 1472 696 ei
1492 655 1622 696 licen—

104 718 221 768 tiam,
257 724 467 773 quantum
504 720 549 760 in
584 720 705 761 nobis
743 724 818 770 est,
855 722 968 775 quod
1004 721 1095 775 ipse
1130 721 1371 762 manerium
1408 735 1533 761 suum
1570 720 1621 761 de

105 784 403 839 Haukesgart',
425 799 522 826 cum
543 790 662 839 pert„
683 786 782 827 dare
813 791 956 840 posset
977 791 1019 828 et
1050 787 1266 840 assignare
1297 786 1467 827 dilectis
1498 786 1623 826 nobis

103 850 150 890 in
182 851 352 893 Christo
383 852 546 892 Abbati
577 857 619 893 et
652 852 780 893 ConV.
805 853 856 894 de
877 852 1341 907 Whiteby—Habend.
1365 856 1407 893 et
1437 856 1521 893 ten.
1540 852 1622 892 sibi

105 920 147 957 et
164 930 272 958 succ.
290 917 377 958 suis
394 918 570 971 imperp.
587 921 636 957 ut
657 917 783 972 praed.
803 918 902 972 [est]
922 923 1066 960 tenore
1088 918 1373 972 praesentium.
1417 918 1622 959 Similiter

104 982 323 1023 licentiam
355 983 550 1024 dedimus
582 983 819 1037 specialem,
856 985 1048 1026 nolentes
1081 984 1194 1039 quod
1229 984 1356 1038 praed.
1395 984 1622 1033 Henricus,

105 1049 174 1089 vel
195 1049 294 1091 haer.
317 1049 392 1100 sui,
415 1063 490 1090 seu
521 1050 688 1103 praefati
710 1050 856 1091 Abbas
885 1055 927 1092 et
950 1052 1093 1101 Oonv„
1115 1056 1190 1091 aut
1221 1064 1329 1092 succ.
1362 1050 1440 1100 sui,
1460 1050 1621 1091 ratione

105 1115 257 1155 statuti
276 1116 471 1169 praedicti
492 1130 567 1170 per
588 1130 664 1157 nos
686 1116 755 1157 vel
776 1117 873 1158 haer.
899 1121 1063 1159 nostros
1095 1117 1195 1158 inde
1226 1117 1547 1158 occasionentur
1577 1116 1621 1156 in

106 1181 260 1235 aliquo,
292 1195 365 1223 seu
406 1185 637 1236 graventur
654 1198 663 1234 3
709 1183 838 1224 salvis
880 1188 1024 1225 tamen
1066 1184 1323 1238 capitalibus
1364 1183 1473 1224 d’nis
1510 1183 1622 1223 feodi

106 1248 223 1289 illius
246 1248 431 1289 servitiis
452 1249 551 1289 inde
573 1248 728 1290 debitis
751 1254 792 1290 et
814 1251 1040 1293 consuetis.
1102 1250 1157 1290 In
1178 1250 1300 1304 cujus
1331 1249 1393 1291 rei
1423 1252 1518 1290 test.
1544 1249 1620 1289 has

105 1314 185 1355 litt.
227 1317 393 1355 nostras
434 1314 525 1355 fieri
565 1315 743 1356 fecimus
793 1319 1001 1369 patentes.
1083 1316 1205 1357 Teste
1245 1330 1313 1357 me
1363 1315 1467 1369 ipso,
1507 1314 1620 1368 apud

105 1380 354 1430 Westmon.‚
374 1380 510 1434 primo
532 1380 599 1421 die
622 1380 784 1434 Aprilis
806 1382 856 1422 A.
879 1382 999 1436 regni
1019 1382 1155 1423 nostri
1176 1381 1376 1423 vicesimo
1399 1379 1591 1434 septimo.

567 1545 701 1586 DLX.
725 1546 763 1599 (1
775 1545 867 1599 70¹³)
902 1547 1150 1587 DUNSELEY.

165 1651 412 1701 Edwardus‚
447 1652 499 1692 D.
539 1651 589 1693 G.
627 1652 718 1692 Rex
748 1652 886 1705 Angl.‚
921 1652 1058 1692 D’nus
1094 1652 1210 1701 Hib„
1246 1655 1289 1692 et
1323 1651 1427 1691 Dux
1462 1650 1621 1704 Aquit„

106 1718 303 1758 omnibus
325 1718 378 1758 ad
400 1731 503 1771 quos
525 1731 584 1771 pr.
607 1717 688 1759 litt.
711 1731 838 1771 perV.‚
860 1717 1052 1759 salutem.
1115 1717 1270 1758 Sciatis
1301 1716 1416 1770 quod
1442 1730 1518 1770 per
1536 1716 1619 1757 litt.

106 1788 270 1825 nostras
291 1788 485 1838 patentes
508 1783 559 1825 de
580 1783 715 1838 gratia
736 1788 881 1824 nostra.
912 1783 1085 1838 speciali
1116 1783 1400 1825 concessimus
1423 1788 1465 1823 et
1489 1783 1618 1824 licen-

106 1850 210 1891 tiam
252 1850 458 1899 dedimus,
498 1864 573 1904 pro
617 1850 739 1891 nobis
782 1854 823 1891 et
863 1849 960 1891 haer.
1004 1850 1171 1899 nostris,
1207 1850 1374 1891 dilectis
1416 1849 1537 1890 nobis
1573 1849 1618 1889 in

107 1916 288 1967 Christo,
309 1917 470 1957 Abbati
492 1921 534 1958 et
556 1917 685 1958 ConV.
708 1917 760 1957 de
780 1917 999 1971 Whiteby,
1021 1917 1134 1970 quod
1154 1916 1238 1970 ipsi
1259 1916 1415 1970 viginti
1444 1915 1618 1956 libratas

104 1983 287 2033 t'rarum,
308 1987 660 2033 tenementorum,
682 1987 724 2024 et
754 1983 1001 2024 reddituum
1031 1996 1107 2036 per
1128 1996 1288 2023 annum
1315 1983 1441 2036 juxta
1469 1996 1617 2023 verum

104 2049 291 2091 valorem
322 2050 563 2099 eorundem,
584 2054 673 2090 tam
704 2050 749 2090 in
779 2049 900 2090 feodo
932 2063 1007 2090 suo
1038 2049 1207 2103 proprio
1238 2062 1367 2103 quam
1395 2049 1441 2089 in
1469 2049 1618 2098 alieno,

106 2116 293 2170 exceptis
324 2116 424 2165 t’ris,
445 2115 714 2165 tenementis,
736 2119 778 2156 et
798 2115 1035 2156 redditibus
1067 2129 1162 2169 quae
1193 2115 1245 2155 de
1273 2114 1395 2155 nobis
1417 2118 1618 2155 tenentur

105 2181 150 2222 in
182 2182 331 2236 capite,
362 2182 582 2236 adquirere
613 2181 1037 2235 possint—Habend.
1060 2185 1102 2222 et
1123 2185 1206 2222 ten.
1230 2180 1313 2221 sibi
1336 2184 1377 2221 et
1398 2194 1506 2221 succ.
1530 2181 1617 2221 suis

104 2247 293 2302 imperp,
325 2251 486 2288 statuto
517 2247 570 2289 de
600 2247 688 2287 t'ris
726 2251 768 2287 et
798 2251 951 2287 tenem.
983 2246 1036 2287 ad
1071 2259 1247 2286 manum
1282 2249 1495 2286 mortuam
1531 2260 1615 2287 non

105 2314 312 2367 ponendis
335 2313 447 2354 edito
469 2327 556 2354 non
577 2313 786 2362 obstante,
812 2317 940 2366 prout
960 2312 1006 2352 in
1027 2311 1184 2352 litteris
1216 2311 1372 2352 nostris
1400 2311 1616 2365 praedictis

103 2380 273 2434 plenius
295 2379 547 2420 continetur.
609 2378 711 2427 Nos,
731 2377 923 2419 volentes
955 2376 1271 2418 concessionem
1301 2379 1490 2417 nostram
1511 2390 1616 2430 prae—

107 2446 266 2486 dictam
307 2444 478 2486 effectui
518 2444 662 2485 debito
702 2443 949 2497 mancipari,
991 2443 1273 2484 concessimus
1315 2446 1358 2483 et
1398 2442 1614 2483 licentiam

105 2512 299 2553 dedimus
339 2524 415 2564 pro
456 2510 578 2550 nobis
619 2513 661 2550 et
700 2509 797 2550 haer.
839 2509 1005 2557 nostris,
1048 2513 1257 2562 quantum
1298 2508 1343 2548 in
1383 2508 1504 2548 nobis
1541 2513 1616 2558 est,

105 2577 308 2618 Galwano
329 2575 381 2616 de
403 2572 618 2628 Twheng,2
645 2575 842 2615 Personae
873 2574 1060 2615 ecclesiae
1088 2574 1139 2615 de
1171 2573 1360 2623 Lithum,
1381 2574 1494 2627 quod
1523 2574 1615 2627 ipse

103 2656 237 2682 unum
268 2641 545 2694 mesuagium,
567 2653 641 2681 sex
662 2640 782 2689 tofta,
803 2640 950 2680 decem
981 2640 1168 2689 bovatas,
1197 2643 1239 2680 et
1270 2639 1414 2680 decem
1447 2643 1489 2680 et
1521 2643 1612 2680 octo

104 2721 219 2749 acras
249 2708 349 2756 t’rae,
379 2710 465 2747 tres
497 2719 614 2746 acras
645 2705 768 2759 prati,
800 2709 972 2746 centum
1004 2710 1046 2746 et
1077 2705 1299 2759 sexaginta
1334 2719 1450 2746 acras
1485 2706 1613 2756 bosci,

104 2772 327 2813 duodecim
352 2772 553 2812 solidatas
575 2774 617 2812 et
638 2784 712 2812 sex
734 2770 1013 2824 denar[i]atas
1043 2770 1247 2820 redditus,
1269 2775 1312 2812 et
1341 2771 1613 2813 medietatem

151 2876 163 2897 ¹
189 2878 258 2910 Son
276 2877 311 2909 of
327 2877 451 2919 Henry
468 2876 511 2908 de
530 2877 651 2919 Percy,
671 2876 749 2908 who
768 2887 838 2908 was
856 2887 917 2908 son
935 2876 971 2908 of
988 2876 1144 2908 William
1160 2876 1222 2909 the
1239 2877 1415 2920 grandson
1433 2878 1470 2910 of
1495 2878 1611 2921 Agnes

102 2932 144 2965 de
161 2932 271 2974 Percy
288 2932 337 2974 by
353 2932 376 2964 J
379 2932 508 2964 oceline
525 2932 568 2963 de
586 2931 770 2963 Louvaine.

149 2985 163 3007 2
187 2986 248 3020 see
266 2986 359 3019 Note
377 2989 414 3019 to
431 2986 495 3020 No.
522 2988 573 3026 14,
593 2997 626 3029 p.
649 2987 700 3025 19,
720 2986 789 3018 and
806 2986 879 3018 also
896 2985 1014 3026 above,
1033 2986 1099 3019 No.
1119 2987 1196 3019 436.
