1889 3221
367 366 726 400 CARTULARIUM
752 365 1020 399 ABBATHIAE
1046 365 1111 398 DE
1135 362 1384 397 WHITEBY.
1545 356 1626 395 553

117 479 161 515 et
182 476 394 530 assignare
419 475 588 517 dilectis
610 476 733 517 nobis
765 475 810 516 in
838 474 1022 524 Christo,
1043 474 1206 515 Abbati
1236 479 1281 515 et
1303 474 1546 515 Conventui
1578 473 1630 514 de

118 541 602 595 Whyteby—-Tenenda
623 546 667 583 et
688 541 781 582 hab.
805 541 888 583 sibi
910 545 953 582 et
974 553 1083 582 succ.
1099 540 1206 581 suis¹
1231 539 1563 594 imperpetuum,
1585 543 1627 579 et

116 607 276 648 eisdem
297 607 458 649 Abbati
479 612 522 649 et
544 608 675 649 Conv.
697 608 750 649 de
770 606 993 661 Whyteby
1015 606 1130 660 quod
1156 605 1427 660 mesuagium
1448 604 1557 645 illud
1588 608 1631 645 et

116 672 238 714 t'ram
268 674 322 715 ab
353 674 502 715 eodem
533 673 706 728 Nigello
736 673 921 727 recipere
952 673 1131 727 possint,
1161 676 1308 714 tenore
1339 671 1630 726 praesentium,

115 738 301 781 similem
331 739 552 781 licentiam
573 739 845 781 concedimus
877 738 1120 793 specialem,
1150 738 1347 779 nolentes
1369 737 1484 791 quod
1514 737 1630 778 idem

117 804 314 859 Nigellus
345 805 414 846 vel
445 805 542 848 haer.
575 805 654 855 sui,
678 810 754 846 aut
784 804 979 859 praedicti
1008 804 1155 845 Abbas
1187 808 1231 844 et
1262 803 1523 852 Conventus,
1554 817 1630 843 seu

116 883 225 912 succ.
248 872 327 921 sui,
348 872 513 912 ratione
534 872 689 912 statuti
710 871 917 925 praedicti,
937 884 1013 924 per
1033 884 1109 911 nos
1131 868 1200 910 vel
1221 869 1318 910 haer.
1341 872 1508 910 nostros
1529 869 1630 909 inde

117 937 443 978 occasionentur
462 938 508 978 in
529 937 686 992 aliquo,
706 936 777 979 vel
797 940 1029 991 graventur
1044 952 1105 977 :-
1114 936 1253 977 Salvis
1269 939 1414 976 tamen
1435 934 1631 989 capitali-

116 1002 196 1044 bus
217 1003 341 1044 D’nis
372 1003 487 1044 feodi
517 1003 635 1044 illius
666 1003 853 1044 servitiis
884 1002 988 1043 inde
1019 1001 1177 1043 debitis
1211 1004 1254 1042 et
1284 1000 1512 1042 consuetis.
1576 1000 1630 1040 In

117 1068 238 1122 cujus
259 1082 288 1110 r.
310 1072 340 1110 t.
362 1073 439 1110 etc.
501 1069 625 1111 Teste
646 1069 771 1123 Rege,
793 1068 910 1122 apud
929 1067 1111 1109 Westm.
1133 1067 1179 1108 xi
1200 1067 1269 1108 die
1289 1067 1318 1108 J
1321 1066 1424 1107 unii.

165 1176 506 1217 DLXXXVIII.
540 1176 696 1218 CLAus.
732 1180 753 1216 2
776 1176 895 1216 EDW.
918 1186 992 1226 111„
1013 1188 1066 1216 m.
1093 1178 1156 1215 21.
1218 1175 1310 1215 PRO
1332 1173 1513 1214 ABBATE
1534 1183 1591 1213 DE

462 1243 691 1292 WHITEBY,
713 1253 769 1283 DE
790 1242 1029 1282 VIRIDARIO
1051 1250 1281 1282 ELIGENDO.

175 1325 268 1366 Rex
298 1325 552 1367 Vieecomiti
579 1326 717 1375 Ebor,
749 1324 944 1366 salutem.
1006 1324 1116 1366 Cum
1155 1337 1231 1377 per
1260 1326 1421 1364 cartam
1450 1320 1631 1362 Domini

118 1390 311 1441 Hem-ici,
341 1392 559 1446 quondam
589 1391 717 1446 Regis
738 1391 920 1445 Angliae,
951 1390 1099 1445 proavi
1129 1389 1277 1439 nostri,
1299 1401 1429 1442 quam
1457 1388 1629 1441 inspex—

115 1455 241 1506 imus,
255 1470 503 1498 concessum
519 1461 584 1499 est
599 1457 759 1498 Abbati
773 1457 825 1498 de
838 1456 1047 1510 Whiteby
1063 1456 1178 1509 quod
1192 1455 1295 1509 ipse,
1307 1458 1349 1495 et
1365 1467 1628 1495 successores

117 1521 185 1562 sui
214 1523 541 1577 imperpetuum,
562 1523 738 1564 habebit
767 1522 992 1563 viridarios
1024 1535 1124 1562 suos
1155 1520 1350 1574 proprios
1376 1519 1423 1559 in
1453 1520 1488 1560 F
1490 1523 1628 1560 oresta

118 1586 171 1628 de
201 1587 420 1642 Whiteby‚
451 1592 494 1629 et
529 1588 643 1642 quod
677 1588 809 1628 iidem
842 1585 1036 1627 viridarii
1067 1598 1249 1639 quorum
1284 1598 1391 1638 opus
1423 1583 1552 1625 fuerit
1582 1583 1628 1624 in

118 1652 244 1706 pleno
270 1653 487 1695 Comitatu
517 1656 662 1694 nostro
692 1653 830 1702 Ebor,
861 1656 990 1707 prout
1020 1651 1151 1692 moris
1182 1654 1258 1700 est,
1289 1650 1513 1704 eligantur,
1543 1663 1629 1703 qua

117 1718 291 1772 quidem
322 1719 521 1760 libertate
551 1719 667 1760 idem
699 1719 856 1768 AbbaS,
887 1722 931 1760 et
961 1717 1295 1772 praedecessores
1326 1716 1406 1766 sui,
1437 1715 1629 1757 Abbates

117 1784 308 1838 ejusdem
339 1785 432 1834 loci,
463 1799 628 1839 semper
658 1784 867 1826 hactenus
898 1797 923 1825 a
955 1787 1146 1836 tempore
1179 1782 1463 1823 consectionis
1498 1786 1626 1822 cartae

115 1850 330 1904 praedictae
360 1851 676 1892 rationabiliter
704 1850 772 1891 usi
808 1853 921 1899 sunt,
953 1849 1065 1891 sicut
1096 1848 1265 1898 dicitur,
1297 1861 1347 1889 ac
1378 1847 1626 1888 Willelmus

118 1920 206 1958 atte
242 1916 395 1958 Halle2
430 1916 483 1958 de
518 1916 738 1970 Whiteby,
774 1929 911 1970 nuper
945 1928 1056 1956 unus
1097 1914 1398 1955 viridariorum
1440 1914 1625 1955 Forestae

115 1982 338 2035 praedictae,
355 1982 470 2024 diem
491 1982 693 2023 clauserit
714 1987 955 2023 extremum
976 1983 1025 2021 ut
1039 1980 1283 2034 accepimus
1299 1979 1464 2021 :—Tibi
1480 1979 1626 2034 praeci-

114 2047 255 2102 pimus
286 2048 400 2102 quod
421 2049 458 2089 si
479 2048 541 2090 ita
562 2052 638 2098 est,
660 2051 763 2089 tunc
785 2047 829 2088 in
850 2047 978 2101 pleno
1002 2046 1222 2088 Comitatu
1253 2049 1341 2095 tuo,
1363 2046 1415 2087 de
1447 2059 1626 2087 assensu

115 2114 307 2167 ejusdem
327 2114 579 2164 Comitatus,
595 2114 686 2155 loco
701 2113 836 2168 ipsius
850 2111 1063 2154 Willelmi
1076 2126 1211 2153 unum
1226 2111 1359 2152 alium
1375 2111 1626 2152 viridarium

114 2179 214 2233 eligi
234 2179 416 2230 faciatis,
436 2180 522 2234 qui,
536 2179 728 2234 praestito
750 2182 1026 2227 sacramento,
1047 2182 1175 2231 prout
1195 2177 1324 2218 moris
1348 2180 1423 2226 est,
1445 2191 1498 2218 ex
1520 2181 1625 2217 tunc

116 2258 165 2285 ea
200 2245 332 2286 faciat
364 2248 406 2286 et
437 2250 661 2286 conservet
692 2259 786 2298 quae
817 2244 870 2285 ad
902 2243 1087 2284 officium
1108 2243 1301 2283 viridarii
1331 2242 1550 2296 pertinent
1578 2242 1625 2281 in

115 2311 289 2352 Foresta
319 2310 524 2364 praedicta
542 2327 549 2351 :
581 2315 624 2352 et
651 2310 782 2352 talem
803 2323 901 2350 eum
923 2309 1025 2363 eligi
1046 2309 1214 2349 faciatis
1236 2307 1310 2361 qui
1332 2307 1487 2348 melius
1518 2307 1624 2348 sciat

112 2380 154 2417 et
170 2376 305 2430 possit
319 2375 456 2417 officio
470 2375 536 2416 illi
552 2375 795 2416 intendere:
829 2378 871 2415 et
893 2387 1049 2415 nomen
1063 2374 1154 2427 ejus
1172 2373 1293 2415 nobis
1315 2372 1420 2414 scire
1443 2373 1622 2414 faciatis.

118 2441 241 2483 Teste
266 2442 390 2495 Rege,
413 2440 527 2495 apud
548 2440 761 2482 Evesham
786 2444 836 2480 25
855 2440 971 2481 June
993 2439 1156 2493 [1328]

721 2545 1015 2588 DLXXXIX.

173 2631 430 2685 Compotus3
450 2631 631 2671 fratrum
654 2628 861 2683 Stephani
883 2628 935 2669 de
958 2628 1164 2681 Ormesby
1187 2632 1231 2669 et
1253 2627 1368 2669 Will.
1393 2627 1444 2669 de
1461 2628 1619 2669 Dalton

114 2697 166 2738 de
202 2697 339 2738 officio
376 2696 578 2746 Bursarii‚
610 2709 634 2737 a
665 2696 774 2737 festo
806 2695 844 2736 S.
878 2694 1058 2735 Martini
1088 2694 1133 2734 in
1164 2694 1329 2748 hyeme,
1361 2694 1488 2735 Anno
1520 2695 1622 2735 D'ni

159 2769 169 2788 ¹
195 2783 300 2804 suam.

159 2825 172 2845 ²
197 2827 260 2859 See
278 2826 362 2859 Nos.
391 2828 421 2864 9,
447 2828 498 2864 ll,
524 2827 576 2865 12,
597 2826 651 2864 20,
671 2825 750 2864 468,
770 2823 849 2863 477,
869 2822 937 2854 and
955 2824 1031 2858 479.
1085 2823 1141 2854 He
1158 2822 1187 2854 is
1202 2823 1339 2864 usually
1357 2822 1469 2854 called
1488 2827 1508 2839 ‘⁵
1523 2823 1618 2855 Will.

111 2880 154 2912 de
172 2880 265 2912 Aula
282 2881 325 2913 de
343 2879 545 2922 Whiteby‚'’
563 2881 599 2912 in
617 2879 743 2918 Latin3
772 2879 971 2910 sometimes
988 2877 1024 2909 in
1042 2877 1188 2916 Freneh,
1211 2881 1231 2894 “
1244 2877 1288 2909 de
1305 2877 1340 2909 la.
1357 2878 1435 2910 Sale
1450 2877 1479 2917 ;”
1497 2877 1566 2909 aud
1584 2889 1621 2909 as

113 2934 205 2975 here,
224 2935 271 2977 by
288 2935 343 2967 his
360 2936 483 2977 purely
501 2935 646 2978 English
664 2933 893 2976 designation,
916 2936 937 2950 ‘⁶
950 2935 1024 2965 atte
1044 2932 1145 2964 Halle
1162 2932 1206 2964 de
1219 2931 1422 2974 Whiteby.''

159 2989 173 3010 3
197 2990 271 3022 The
297 2991 395 3023 three
422 2990 678 3028 account-rolls,
710 2990 744 3021 of
770 2989 883 3020 which
910 2988 1023 3030 copies
1050 2998 1107 3019 are
1124 2987 1228 3030 given
1245 2987 1356 3019 under
1372 2987 1444 3020 this
1460 2987 1608 3019 number
