1889 3221
264 341 344 378 674
509 345 870 379 CARTULARIUM
892 343 1160 375 ABBATHIAE
1186 341 1248 374 DE
1272 342 1519 374 WHITEBY.

262 470 337 510 pro
369 459 460 497 tota
490 455 641 496 villata
682 455 733 495 de
764 453 940 502 Witebi,
974 467 1051 507 pro
1087 452 1283 494 habenda
1317 450 1637 492 confirmatione
1671 448 1774 489 D’ni

263 523 390 577 Regis
413 523 464 563 de
484 521 756 562 libertatibus
779 520 879 569 suis,
901 520 1013 561 sicut
1033 520 1181 560 Abbas
1204 522 1246 559 et
1269 518 1516 559 Conventus
1539 517 1591 557 de
1613 515 1774 556 Witebi

262 589 322 629 eis
340 589 697 629 confirmaverunt
714 591 756 627 et
773 589 1083 627 concesserunt.
1125 586 1259 626 Term.
1276 584 1330 624 ad
1347 584 1389 624 N
1392 584 1515 632 atale,
1529 582 1576 622 xl
1589 594 1750 622 marcas
1768 596 1775 620 :

262 655 315 695 ad
348 655 522 703 Pascha,
548 654 594 694 xl
615 666 787 693 marcas.
850 652 1145 693 Cancellatum
1166 656 1339 705 propter
1360 650 1488 691 finem
1519 648 1701 689 Abbatis
1724 646 1775 686 de

261 721 425 762 Witebi
446 720 652 773 scriptum
674 720 717 759 in
741 719 881 759 rotulo
904 718 1081 759 secundi
1102 718 1214 758 anni.

773 827 901 880 (lbz'd.
923 840 961 879 p.
989 829 1039 865 32
1065 824 1246 879 [1199].)

322 910 653 951 Ebor.—Abbas
671 909 723 950 de
743 909 907 950 Witebi
923 909 997 949 dat
1014 908 1124 948 D'no
1141 906 1247 961 Regi
1264 921 1291 946 x
1308 918 1468 946 marcas
1485 918 1560 958 pro
1581 903 1775 944 habenda

261 977 522 1030 protectione
553 975 655 1016 D'ni
687 975 814 1029 Regis
850 988 904 1015 ne
933 978 1118 1028 ponatur
1148 973 1194 1013 in
1231 972 1372 1026 placit.
1405 971 1456 1011 de
1487 970 1629 1023 aliquo
1661 968 1773 1022 quod

260 1043 472 1096 pertineat
492 1042 545 1082 ad
566 1041 708 1095 ipsum
729 1041 799 1082 vel
821 1040 1134 1081 Monasterium
1165 1052 1291 1079 suum
1313 1037 1427 1091 quod
1447 1040 1566 1077 tenet
1587 1035 1638 1076 de
1659 1035 1773 1089 Rege

261 1109 307 1149 in
329 1108 477 1162 capite.
537 1107 657 1147 Alibi
678 1106 868 1147 inferius.

769 1213 896 1267 (lind.
916 1226 955 1266 p.
983 1215 1061 1252 100
1086 1211 1267 1265 [1200].)

318 1296 646 1338 Ebor.—Abbas
677 1296 729 1336 de
753 1295 918 1335 Witebi
949 1294 1022 1334 dat
1053 1294 1162 1333 D'no
1186 1292 1292 1346 Regi
1323 1306 1344 1333 c
1375 1305 1537 1332 marcas
1573 1304 1626 1332 ne
1658 1293 1774 1331 carta

260 1363 432 1404 Ricardi
463 1363 514 1403 de
544 1361 809 1409 Waterville,
841 1360 1059 1414 quondam
1089 1359 1272 1399 Abbatis
1305 1358 1356 1399 de
1386 1357 1562 1406 Witebi,
1593 1360 1636 1397 et
1662 1356 1772 1397 Con-

258 1433 424 1479 ventus,
445 1428 718 1469 confirmetur
739 1441 763 1467 a
784 1427 895 1467 D’no
918 1427 1042 1479 Rege,
1064 1438 1159 1478 quae
1181 1438 1202 1465 c
1223 1437 1377 1464 marcae
1399 1423 1593 1477 superius
1615 1426 1773 1462 notatae

259 1500 363 1537 sunt
383 1495 429 1535 in
450 1494 589 1536 rotulo
610 1494 739 1547 primi
761 1493 873 1533 anni.
935 1491 1116 1532 Termin.
1139 1491 1251 1531 infra
1273 1503 1443 1530 annum.

726 1601 856 1655 (md.
880 1600 938 1640 Ao
963 1604 984 1640 2
1009 1600 1105 1641 Joh.
1131 1598 1312 1653 [1200].)

316 1686 623 1727 Ebor.—ldem
644 1685 791 1725 Abbas
823 1684 897 1724 dat
928 1697 950 1724 c
979 1683 1110 1723 libras
1141 1686 1190 1723 ut
1210 1681 1381 1735 loquela
1411 1681 1523 1722 inter
1554 1681 1696 1734 ipsum
1730 1686 1773 1722 et

259 1753 488 1807 burgenses
520 1752 572 1792 de
593 1751 770 1804 Witeby
792 1750 843 1791 de
875 1754 990 1790 carta
1020 1748 1145 1802 praed.
1170 1747 1342 1788 Ricardi
1373 1747 1424 1787 de
1445 1747 1699 1788 Waterville
1731 1752 1773 1788 et

259 1819 509 1859 Conventus
531 1817 582 1858 de
602 1817 782 1870 Witeby
799 1816 997 1856 audiatur
1018 1828 1157 1855 coram
1174 1814 1284 1853 D’no
1307 1814 1432 1866 Rege,
1454 1818 1496 1853 et
1518 1813 1773 1853 discutiatur

256 1883 429 1931 ibidem,
449 1887 595 1923 utrum
616 1882 762 1922 Abbas
793 1886 837 1922 et
858 1881 987 1922 Conv.
1013 1880 1063 1920 de
1083 1879 1261 1932 Witeby
1282 1882 1484 1931 poterunt
1505 1879 1603 1919 dare
1624 1879 1771 1932 hujus·

256 1949 373 1989 modi
393 1948 611 1988 libertates
634 1947 929 2000 burgensibus.
992 1944 1240 1985 Terminum
1261 1944 1374 1983 infra
1397 1957 1568 1985 annum.

653 2086 927 2128 DCXXVH.
961 2084 1186 2139 (Dugdale,
1209 2084 1232 2123 i.
1259 2083 1371 2135 409.)

297 2181 455 2222 CARTAE
477 2191 534 2220 AD
557 2180 846 2220 WHITBIENSE
869 2177 1118 2218 COENOBIUM
1141 2177 1421 2227 (ANTIQuirus
1445 2174 1732 2215 STRENSHALH

451 2253 770 2305 NUNCUPATUM)
792 2264 839 2293 IN
860 2262 976 2292 AGRO
998 2252 1277 2291 EBORACENSI
1300 2259 1576 2290 SPECTANTES.

315 2346 443 2387 Num.
469 2349 502 2386 1.
536 2343 730 2385 Historia
750 2341 1032 2384 Fundationis
1057 2339 1260 2382 Coenobii.
1322 2339 1482 2392 [Flores
1504 2339 1616 2380 Hist.
1638 2353 1714 2393 per

841 2408 978 2449 Math.
1001 2406 1198 2459 Westm]

315 2501 441 2541 Anno
461 2499 607 2554 gratiae
624 2498 724 2539 Dclv
742 2497 888 2539 Penda
910 2497 1002 2538 Rex
1023 2495 1293 2543 Merciorum,
1311 2494 1489 2548 jubente
1508 2494 1769 2536 Cadwallino

258 2566 484 2607 Britonum
520 2578 626 2619 rege,
659 2562 964 2604 innumerabili
997 2562 1188 2603 exercitu
1223 2560 1412 2608 collecto,
1447 2559 1769 2600 Northanhum-

256 2633 392 2673 briam
422 2631 587 2685 petivit.
647 2629 709 2670 At
741 2629 908 2670 Oswius
939 2628 1191 2669 necessitate
1219 2626 1476 2679 compulsus,
1506 2625 1701 2679 promisit
1731 2625 1770 2665 ei

258 2697 432 2738 donaria
461 2696 609 2744 multa,
632 2699 675 2736 et
704 2698 954 2735 ornamenta
978 2693 1146 2747 regalia,
1167 2696 1226 2741 ut,
1248 2692 1373 2733 rebus
1403 2691 1569 2732 bellicis
1600 2696 1770 2744 praeter-

257 2762 410 2810 missis,
427 2760 707 2801 amicabiliter
723 2759 774 2800 ad
796 2759 965 2813 propria
986 2758 1151 2798 rediret.
1214 2757 1407 2809 Cumque
1428 2755 1501 2796 ille
1521 2755 1669 2808 pretio,
1691 2769 1768 2796 nec

257 2827 452 2880 precibus
474 2826 743 2879 adquiescere
763 2825 905 2873 vellet,
926 2837 1000 2864 rex
1021 2823 1074 2863 ad
1097 2822 1294 2863 divinum
1325 2820 1517 2875 confugit
1547 2821 1768 2869 auxilium,

258 2896 308 2932 ut
329 2892 381 2931 ab
402 2891 623 2943 impietate
642 2890 859 2930 barbarica
879 2893 1053 2942 possent
1073 2887 1255 2936 liberari,
1271 2890 1452 2939 votoque
1470 2899 1559 2926 sese
1576 2885 1767 2940 obligans

258 2957 341 2997 ait:
372 2961 392 2976 “
408 2956 451 2996 Si
473 2969 661 3009 paganus
683 2955 819 2996 nescit
850 2959 995 2995 nostra
1023 2954 1211 3007 accipere
1241 2952 1427 3000 donaria,
1460 2951 1683 2992 offeramus
1714 2952 1766 2991 Ei
