1889 3221
343 377 707 412 OARTULARIUM
732 378 1003 411 ABBATHIAE
1029 379 1095 411 DE
1115 379 1364 414 WHITEBY.
1537 376 1618 414 639

107 487 225 529 sione
256 488 338 529 sibi
369 487 712 542 competentibus
743 487 789 528 in
817 487 1028 542 dignitate
1059 491 1102 529 et
1134 489 1263 530 officii
1292 491 1548 542 memoratis,
1580 496 1622 533 et

105 555 253 595 statim
274 555 382 596 dicti
403 555 702 596 Procuratores
724 554 885 595 dictam
905 557 1071 608 partem
1102 555 1232 610 hujus
1262 560 1420 598 nostrae
1451 558 1620 599 ordina-

105 621 234 662 tionis
256 622 553 675 approbantes,
572 625 615 662 et
636 620 962 675 adquiescentes
980 621 1129 671 eidem,
1144 623 1432 676 procuratorio
1448 625 1620 666 nomine

105 688 246 729 fratris
269 688 442 729 Thomae
471 687 652 728 Abbatis
684 687 892 741 praedicti,
922 693 1143 729 cesserunt
1175 693 1217 730 et
1244 690 1392 731 eodem
1421 705 1619 745 procura-

103 755 213 795 torio
249 755 423 795 nomine
458 754 764 795 renuntiarunt
800 753 1004 808 dignitati
1037 758 1080 795 et
1110 755 1247 796 officio
1279 757 1507 799 antedictis
1539 759 1618 799 sub

104 820 216 861 infra
251 820 409 874 scripto
440 823 585 861 tenere
600 820 725 861 :—In
756 820 841 860 Dei
871 819 1057 870 nomine,
1087 820 1240 863 Amen.
1303 822 1455 863 Coram
1486 824 1618 874 vobis,

104 886 353 928 Venerabili
387 886 500 940 patri
535 886 582 926 in
620 886 803 935 Christo,
837 889 881 927 et
916 886 1014 927 d'no
1051 891 1208 938 nostro,
1243 888 1354 929 D’no
1386 890 1618 940 Willelmo,

103 953 213 995 DG.
254 957 333 995 etc.
383 966 472 1002 nos,
518 953 669 993 fratres
709 952 893 994 Thomas
944 953 996 993 de
1047 952 1211 994 Garton
1261 957 1303 995 et
1347 955 1515 997 Alanus
1567 958 1619 999 de

103 1018 312 1073 Malteby,
348 1019 501 1059 Mon’ii
533 1018 584 1060 de
618 1018 826 1073 Whiteby
857 1032 1076 1068 common„
1113 1023 1155 1060 ct
1189 1026 1483 1074 procuratores
1515 1024 1618 1067 Rev.

103 1085 189 1126 viri
224 1085 440 1139 Religiosi,
476 1085 649 1126 Tliomae
691 1084 744 1126 de
780 1085 962 1135 Malton,
1002 1085 1189 1127 Abbatis
1229 1087 1420 1141 ejusdem
1456 1090 1619 1141 Mon'ii,

103 1152 391 1204 procuratorio
431 1151 605 1192 nomine
655 1151 893 1201 constituti,
934 1151 1135 1206 dignitati
1176 1156 1219 1193 et
1259 1154 1396 1196 officio
1436 1156 1618 1200 Abbatis

103 1218 296 1272 ejusdem
326 1218 479 1258 Mon’ii
508 1218 637 1272 praed.
668 1232 781 1272 proc.
817 1218 989 1260 nomine
1021 1219 1223 1269 cedimus,
1254 1220 1308 1261 ad
1337 1221 1382 1262 id
1412 1222 1618 1267 habentes

104 1285 286 1338 speciale
308 1285 572 1334 mandatum,
595 1288 637 1325 et
657 1285 959 1326 renunciamus
980 1300 1086 1340 pure
1108 1289 1152 1326 et
1177 1291 1340 1340 sponte,
1362 1288 1475 1330 dicto
1506 1305 1617 1345 proc.

104 1352 288 1401 nomine,
320 1352 438 1392 omni
463 1352 552 1405 juri
583 1355 626 1392 et
655 1351 926 1405 possessioni,
958 1352 1315 1406 qualitercunque
1351 1354 1464 1396 dicto
1495 1357 1617 1399 fratri

104 1417 275 1458 Thomae
311 1417 652 1471 competentibus
688 1417 735 1458 in
771 1417 974 1471 dignitati
1009 1422 1052 1459 et
1082 1419 1220 1460 officio
1250 1419 1434 1461 Abbatis
1465 1422 1617 1464 Mon’ii

104 1483 322 1525 antedicti.
375 1484 540 1524 Datum
562 1484 641 1525 sub
663 1484 736 1538 sig.
760 1484 917 1525 nostris
939 1485 1052 1538 apud
1073 1485 1215 1538 Thorp
1231 1485 1358 1538 juxta
1379 1487 1503 1528 Ebor.
1519 1489 1616 1543 [et0.,

103 1563 213 1589 same
233 1550 328 1591 date
349 1563 395 1590 as
425 1550 582 1603 before}
642 1550 932 1591 Attendentes
954 1550 1083 1591 etiam
1104 1565 1294 1604 personae
1324 1554 1450 1606 praed.
1474 1555 1618 1598 fratris

105 1615 278 1657 Thomae
317 1616 571 1669 qualitatem
616 1629 664 1657 ac
705 1616 999 1657 honorabilem
1041 1620 1201 1658 statum
1242 1632 1371 1672 quem
1410 1619 1617 1664 hactenus

105 1682 303 1731 obtinuit,
344 1695 393 1722 ac
434 1682 670 1722 multorum
709 1682 919 1723 bonorum
960 1696 1136 1736 operum
1172 1697 1357 1733 suorum,
1388 1690 1431 1726 et
1465 1688 1617 1729 utilem

103 1749 340 1803 gestionem
362 1748 467 1789 dicti
488 1748 615 1789 officii
638 1748 846 1802 quamdiu
866 1749 1009 1802 potuit
1030 1749 1185 1790 valiter
1214 1750 1415 1802 laborare,
1437 1753 1619 1796 Ordina-

106 1827 211 1864 mus,
247 1814 473 1855 laudamus
511 1817 552 1855 et
589 1814 856 1855 decernimus
888 1815 1002 1868 quod
1032 1815 1147 1856 idem
1183 1816 1377 1867 Thomas,
1413 1822 1618 1873 quamdiu

104 1880 274 1930 vixerit,
305 1880 461 1921 habeat
492 1884 535 1921 et
565 1880 774 1934 percipiat
805 1881 1031 1922 annuatim
1061 1882 1204 1923 omnia
1225 1886 1268 1924 et
1289 1883 1458 1938 singula
1488 1887 1618 1929 infra-

104 1947 262 2000 scripta
277 1946 472 1988 :—videl‚
515 1960 725 1987 cameram
765 1960 861 2000 quae
902 1947 1061 1988 dicitur
1104 1948 1282 1990 Camera
1320 1951 1480 2003 Astini‚
1521 1968 1619 1996 cum

103 2013 269 2054 celariis
309 2017 354 2054 et
394 2012 550 2054 clausis
587 2013 770 2067 desuper
805 2013 983 2055 eandem
1021 2028 1231 2055 cameram
1268 2017 1619 2073 quibuscunque3

106 2092 236 2133 quam
282 2079 457 2133 quidem
498 2093 710 2120 cameram
751 2080 894 2121 Abbas
946 2084 988 2121 et
1029 2081 1277 2123 Conventus
1326 2083 1373 2124 in
1423 2087 1621 2128 omnibus

103 2145 353 2186 necessariis
394 2146 724 2198 sustentabunt;
764 2149 807 2187 et
850 2147 1060 2201 percipiat
1110 2149 1303 2202 quolibet
1345 2150 1413 2191 die
1461 2165 1617 2206 panem

103 2215 146 2251 et
178 2212 427 2253 cerevisiam
460 2212 512 2253 de
554 2212 708 2254 celario
735 2226 812 2266 pro
842 2227 887 2254 se
918 2217 960 2254 et
991 2227 1077 2254 uno
1113 2215 1331 2265 monacho,
1362 2230 1490 2270 quem
1535 2220 1617 2260 sibi

103 2278 311 2318 associare
339 2278 535 2327 voluerit,
565 2282 692 2332 prout
722 2282 808 2319 tres
835 2279 1033 2320 monachi
1063 2280 1303 2333 percipiant
1334 2285 1377 2322 et
1403 2284 1618 2338 percipere

103 2347 443 2394 consueverunt;
474 2348 517 2384 et
547 2344 677 2384 etiam
709 2344 760 2384 de
793 2345 987 2397 coquina,
1008 2358 1083 2397 per
1113 2349 1198 2386 tres
1229 2346 1319 2387 dies
1348 2349 1540 2390 carnium
1571 2352 1616 2392 in

103 2408 349 2458 ebdomada,
379 2413 504 2462 prout
537 2413 623 2449 tres
663 2409 862 2450 monachi
892 2410 937 2449 in
968 2423 1115 2451 mensa
1144 2411 1339 2462 Abbatis,
1361 2418 1616 2458 assumendo

102 2474 238 2515 dictas
259 2488 405 2515 carnes
427 2475 579 2515 crudas
601 2474 669 2516 vel
691 2479 830 2516 coctas
862 2489 936 2529 pro
967 2475 1091 2517 libito
1121 2490 1220 2528 suo;
1251 2477 1402 2520 diebus
1432 2481 1614 2533 piscium

102 2540 332 2594 cujuslibet
372 2540 628 2589 ebdomadae,
663 2544 791 2593 prout
832 2544 919 2582 tres
958 2542 1159 2582 monachi
1189 2542 1236 2583 in
1266 2543 1486 2586 refectorio
1521 2561 1615 2601 per-

103 2606 271 2660 cipiunt
321 2606 413 2647 sine
454 2606 741 2647 diminutione
791 2606 945 2660 aliqua,
997 2610 1039 2648 et
1083 2611 1168 2650 tres
1217 2613 1360 2662 petras
1411 2614 1522 2654 casei
1563 2615 1614 2656 de

103 2686 329 2713 communa
351 2673 404 2713 ad
425 2673 585 2713 festum
607 2673 646 2714 S.
671 2672 814 2713 Hildae
835 2674 881 2713 in
911 2676 1159 2728 autumpno.
1222 2676 1392 2716 Habeat
1413 2678 1543 2719 etiam
1571 2686 1615 2722 et

103 2739 310 2793 percipiat
351 2739 544 2793 quolibet
584 2739 653 2780 die
687 2752 763 2792 pro
799 2753 885 2780 uno
920 2739 1080 2781 valetto
1116 2744 1159 2781 et
1193 2755 1280 2782 uno
1315 2755 1414 2783 coco
1449 2747 1493 2784 et
1527 2759 1613 2786 uno

102 2805 309 2858 garcione‚
330 2819 436 2859 quos
458 2805 632 2859 elegerit
653 2805 736 2846 sibi
757 2805 999 2855 servituros,
1019 2819 1186 2859 panem,
1209 2807 1467 2859 cerevisiam,
1498 2815 1541 2852 et
1562 2813 1614 2854 de

103 2871 285 2924 coquina
306 2872 500 2925 quolibet
521 2871 589 2912 die
611 2885 686 2925 pro
708 2872 829 2912 victu
850 2872 1080 2912 eorundem
1110 2877 1236 2926 prout
1256 2873 1444 2916 valettus
1466 2881 1509 2917 et
1529 2878 1613 2920 duo

103 2937 320 2990 garciones
356 2937 539 2979 Abbatis
569 2938 695 2978 niodo
726 2938 852 2978 solito
883 2942 1173 2991 perceperunt.
1242 2940 1454 2994 Percipiat
1484 2944 1614 2986 etiam

105 3003 330 3044 annuatim
351 3003 576 3045 duodecim
604 3017 765 3045 marcas
788 3004 952 3058 argenti
983 3004 1034 3045 de
1056 3005 1188 3045 firmis
1220 3009 1262 3046 et
1292 3006 1530 3050 redditibus
1562 3011 1612 3052 de
