1889 3221
242 337 322 374 672
506 343 871 378 CARTULARIUM
895 343 1164 377 ABBATHIAE
1190 344 1255 377 DE
1279 344 1526 377 WHITEBY.

239 453 424 503 auxiliis,
464 453 662 508 tallagiis,
703 453 876 508 vigiliis,
916 453 1086 504 finibus,
1136 454 1513 508 redemptionibus,
1554 453 1752 495 amercia-

237 519 406 569 mentis,
427 519 826 568 contributionibus,
848 523 890 560 et
921 520 1016 560 aliis
1038 520 1363 573 quibuscunque
1395 521 1592 561 oneribus
1623 533 1755 561 emer--

236 585 435 638 gentibus
467 585 741 626 sustinendis.
802 585 859 626 Et
889 585 1003 639 quod
1024 585 1155 626 iidem
1180 585 1437 635 Willelmus‚
1459 587 1488 628 J
1492 586 1691 634 ohannes,
1712 588 1755 626 et

238 650 472 700 Johannes,
504 664 552 692 ac
583 654 868 692 antecessores
900 651 1090 705 ipsarum
1122 651 1303 706 Agnetis
1340 656 1383 692 et
1419 651 1626 701 Isabellae,
1656 655 1755 692 ante

238 716 512 758 donationem
543 722 586 758 et
616 718 948 772 assignationem
978 717 1201 771 praedictas
1230 718 1333 771 poni
1355 718 1407 771 [2]
1431 721 1754 759 consueverunt.

240 782 308 823 Ita
330 783 443 836 quod
463 783 601 837 patria
622 797 697 837 per
717 784 995 824 donationem
1016 787 1059 824 et
1089 783 1422 837 assignationem
1451 783 1687 837 praedictaS,
1708 783 1754 823 in

237 848 427 902 ipsorum
447 849 666 899 Willelmi,
688 850 717 891 J
721 849 915 899 ohannis,
936 853 978 890 et
1009 849 1038 890 J
1042 849 1236 898 ohannis,
1258 853 1300 890 et
1330 849 1548 891 haeredum
1578 849 1755 903 praedic-

238 919 379 955 tarum
399 914 579 969 Agnetis
611 919 654 956 et
685 915 881 956 Isabellae
903 915 1086 964 defectu,
1116 915 1251 969 magis
1283 915 1409 956 solito
1441 929 1528 956 non
1559 918 1755 956 oneretur

237 994 314 1021 seu
341 985 548 1034 gravetur.
610 981 664 1021 In
686 982 806 1035 cujus
837 981 898 1022 rei
918 984 945 1021 t.
967 981 1160 1035 praedicti
1186 982 1319 1035 jurati
1344 981 1444 1022 huic
1476 981 1754 1035 lnquisitioni

238 1046 313 1100 sig.
335 1060 412 1087 sua
432 1051 733 1101 apposuerunt.
795 1048 960 1088 Datum
981 1047 1094 1100 apud
1116 1047 1299 1102 Whitby
1321 1047 1389 1089 die
1410 1051 1453 1089 et
1474 1061 1585 1089 anno
1608 1060 1754 1101 supra-

241 1112 377 1154 dictis.

492 1219 750 1260 DCXXIII.
783 1220 1029 1261 REGIsTERs
1051 1231 1103 1261 or
1123 1220 1276 1262 WILLs
1296 1231 1352 1261 AT
1373 1221 1515 1262 Yonx.

299 1309 359 1350 iii.
379 1311 472 1351 273.
513 1308 622 1363 Aug.
649 1311 770 1351 1407.
830 1309 949 1351 John
972 1310 1230 1364 Schilbotyll
1252 1310 1298 1351 of
1322 1310 1753 1365 Whitby—Domino

240 1375 413 1416 Thomae
434 1374 485 1416 de
509 1375 677 1424 Bolton,
698 1375 862 1416 Abbati
887 1376 939 1416 de
956 1376 1166 1429 Whiteby
1187 1376 1202 1416 i
1224 1390 1383 1430 equum
1405 1377 1573 1431 nigrum
1604 1377 1754 1417 ambu—

239 1441 413 1482 lantem.
473 1440 542 1481 Ad
564 1440 922 1482 sustentationem
943 1442 1088 1495 pontis
1111 1442 1162 1482 de
1183 1441 1404 1496 Whiteby,
1425 1442 1440 1482 i
1462 1455 1676 1496 quercum.

482 1572 732 1613 DCXXIV.
766 1572 1014 1613 REGIsTERs
1037 1583 1089 1613 OF
1109 1573 1262 1613 Witrs
1283 1583 1339 1613 AT
1360 1573 1500 1614 YORK.

297 1678 336 1705 v.
362 1666 455 1705 199.
518 1667 570 1703 30
594 1662 702 1716 July
727 1666 848 1703 1483.
910 1663 1153 1717 Margareta
1175 1664 1275 1713 Tod,
1296 1677 1405 1704 uxor
1424 1663 1634 1704 Willelmi
1655 1664 1756 1714 Tod,

240 1730 346 1771 civis
383 1734 427 1771 et
457 1729 703 1770 mercatoris
734 1728 871 1778 Ebor,
904 1728 1055 1782 sepult.
1088 1729 1134 1768 in
1165 1728 1358 1769 Ecclesia
1393 1729 1647 1769 Monasterii
1684 1729 1754 1770 SS.

239 1796 356 1837 Petri
378 1800 420 1836 et
438 1794 582 1835 Hildae
604 1794 656 1835 de
673 1794 867 1848 Whitby.
910 1794 1046 1835 Dedit
1062 1794 1293 1844 Wfflelmo,
1311 1795 1469 1836 Abbati
1490 1795 1541 1836 de
1557 1795 1754 1849 Whitby,

240 1862 295 1903 ad
326 1861 534 1902 orandum
564 1874 639 1913 pro
671 1860 815 1900 anima
845 1874 934 1909 sua,
964 1860 979 1899 i
1003 1860 1170 1913 peciam
1200 1860 1271 1900 vel
1301 1874 1456 1901 nucem
1488 1861 1539 1901 de
1570 1865 1755 1915 argento,

239 1927 303 1967 xii
338 1925 573 1967 cochlearia
608 1925 784 1978 argenti,
818 1938 913 1978 quae
949 1925 1125 1965 fuerunt
1160 1925 1332 1965 Thomae
1364 1925 1583 1975 Eckilsell,
1618 1940 1756 1980 nuper

240 1991 396 2040 mariti,
418 1995 460 2031 et
480 1990 512 2030 ii
532 1990 672 2044 virgas
693 1990 827 2043 panni
848 1989 992 2031 violet.
1053 1990 1273 2030 Willelmo
1295 1991 1396 2040 Tod,
1417 1991 1466 2031 iii
1485 1991 1688 2045 burgagia
1708 1992 1755 2032 in

242 2055 618 2110 Scardeburg—he
653 2055 814 2109 paying
849 2060 872 2076 “
887 2070 947 2096 xx
987 2069 1149 2097 marcas
1191 2056 1244 2096 ad
1283 2057 1490 2097 fabricam
1531 2057 1754 2111 cujusdam

243 2122 416 2176 capellae
437 2122 489 2163 de
510 2121 695 2175 Whitby
717 2121 1011 2162 fabricandam
1032 2122 1078 2162 in
1098 2122 1304 2163 honorem
1326 2122 1364 2164 S.
1389 2122 1599 2164 Gabrielis
1619 2123 1755 2164 Arch-

241 2188 394 2242 angeli,
415 2187 469 2228 ad
490 2190 740 2228 ornamenta
761 2187 990 2229 facienda.''

455 2319 678 2361 DCXXV.
711 2318 937 2373 (Dugdale‚
958 2319 984 2361 i.
1008 2323 1090 2360 419
1114 2324 1149 2360 et
1168 2334 1240 2373 seq.
1263 2320 1342 2361 No.
1365 2320 1531 2374 xxxix.)

414 2396 486 2436 DE
517 2395 889 2435 PROCLAMArioNE
921 2405 1057 2435 SUPER
1091 2406 1303 2436 CAPTIONE
1336 2395 1568 2436 HALECUM.

244 2471 434 2525 (Rymer,
449 2470 564 2510 Foed.
584 2474 682 2510 tom.
705 2469 777 2510 vii.
795 2483 834 2523 p.
855 2470 948 2510 788.
1002 2469 1141 2510 Claus.
1164 2472 1215 2510 18
1234 2469 1380 2510 Ric.11.
1406 2467 1553 2523 (139ἓ)
1567 2483 1621 2512 m.
1641 2470 1755 2523 240.)

301 2563 394 2603 Rex
409 2560 579 2602 ballivis
594 2560 807 2601 libertatis
829 2559 1032 2600 Ecclesiae
1051 2559 1090 2601 S.
1109 2559 1254 2600 Hildae
1272 2559 1323 2601 de
1339 2560 1547 2614 Whiteby
1563 2560 1755 2603 salutem.

245 2628 355 2678 Quia
376 2641 429 2669 ex
451 2630 564 2668 certo
585 2626 722 2666 relatu
743 2625 900 2666 nostris
922 2628 987 2666 est
1008 2625 1181 2666 auribus
1202 2625 1452 2665 intimatum
1473 2626 1586 2679 quod
1607 2639 1754 2679 quam-

242 2692 418 2747 plurimi
453 2691 645 2733 extranei
680 2694 723 2731 et
753 2690 1014 2744 alienigenae,
1034 2690 1216 2744 propriis
1246 2690 1376 2731 lucris
1408 2691 1496 2731 suis
1527 2692 1754 2733 excessivis

242 2758 471 2807 inhiantes,
511 2770 622 2797 anno
662 2770 780 2810 prox.
817 2756 973 2809 elapso,
1010 2759 1215 2796 consueta
1256 2756 1453 2809 captione
1492 2756 1668 2797 hallecis
1708 2757 1754 2798 in

243 2823 437 2877 partibus
489 2822 646 2863 exteris
702 2821 936 2870 deficiente,
976 2821 1091 2875 apud
1131 2821 1282 2862 villam
1321 2821 1448 2875 praed.
1491 2834 1588 2861 cum
1628 2823 1756 2872 vasis,

244 2888 344 2937 sale,
376 2901 424 2928 ac
457 2887 551 2928 aliis
586 2887 769 2941 ingeniis
806 2890 849 2927 et
880 2887 1183 2927 instrumentis
1218 2900 1294 2940 pro
1331 2886 1572 2940 operatione
1608 2887 1754 2929 allecis

244 2952 584 3007 competentibus
620 2955 663 2993 et
698 2952 947 2993 necessariis
988 2955 1267 3000 accesserunt,
1303 2954 1345 2992 et
1382 2951 1546 2992 ibidem
1582 2952 1633 2994 de
1667 2953 1754 3007 pis-
