1889 3221
262 325 342 362 662
506 330 872 366 CARTULARIUM
902 329 1166 362 ABBATHIAE
1192 329 1257 360 DE
1282 328 1528 361 WHITEBY.

310 492 558 534 Connrssro
581 504 639 533 AD
662 502 963 532 RECIPIENDUM
984 500 1340 531 BENEDICTIONEM
1361 500 1417 529 AB
1439 497 1600 528 ALIENO
1621 486 1724 527 EP'o

648 576 868 607 CONoEsSA
890 566 1061 605 ABBATI
1083 576 1139 604 DE
1159 565 1389 605 WfflrEBY.

318 677 573 727 Alexander,
593 691 723 731 perm.
746 676 908 716 Divina
929 674 1133 716 Ecclesiae
1162 674 1286 715 Ebor.
1309 673 1470 714 electus
1493 673 1777 719 consecratus,

260 742 415 784 dilecto
451 743 538 783 filio
579 743 702 783 fratri
736 742 928 782 <Iohanni
959 742 1011 782 de
1046 740 1298 790 Riclnnond,
1333 739 1495 780 Abbati
1531 737 1684 779 Mon'ii
1724 736 1776 777 de

262 809 478 864 Whiteby,
506 814 661 851 nostrae
696 809 815 858 dioc,
837 808 923 858 sal„
944 822 1001 862 gr.
1037 812 1079 848 et
1099 806 1452 848 benedictionem.
1514 806 1578 846 Ut
1613 818 1637 846 a
1672 817 1776 858 quo-

261 888 431 929 cunque
475 875 580 929 Ep'o
621 875 842 916 Catholico
892 874 939 914 in
989 874 1136 928 Regno
1176 872 1345 926 Angliae
1392 872 1615 920 existente,
1657 869 1776 912 Sedis

260 941 502 994 apostolicae
522 941 703 995 gratiam
724 944 766 981 et
788 939 1085 981 executionem
1116 939 1182 979 sui
1214 938 1343 979 officii
1373 937 1599 991 optinenti,
1619 948 1776 976 munus

260 1007 570 1048 benedictionis
606 1007 851 1061 solempnis,
882 1006 1059 1047 licentia
1093 1005 1317 1045 diocesana
1349 1004 1550 1057 primitus
1588 1003 1775 1050 obtenta,

259 1072 376 1114 licite
416 1073 605 1127 recipere
639 1073 795 1122 valeas,
831 1073 935 1113 dum
971 1076 1117 1112 tamen
1152 1070 1355 1111 Ecclesiae
1391 1073 1548 1110 nostrae
1578 1069 1701 1109 Ebor.
1734 1072 1776 1108 et

259 1139 382 1180 nobis
399 1139 706 1193 professionem
722 1139 768 1178 in
785 1139 920 1179 forma
934 1137 1118 1179 Canonis
1136 1137 1286 1178 feceris
1308 1140 1567 1184 consuetam,
1584 1139 1627 1175 et
1643 1134 1776 1175 alium

260 1205 516 1246 canonicum
555 1219 642 1246 non
693 1204 885 1253 obsistat,
924 1203 1103 1244 liberam
1143 1203 1226 1243 tibi
1265 1201 1608 1243 benedictionem
1646 1200 1775 1253 hujus

260 1271 494 1325 recipiendi
526 1275 568 1312 et
604 1270 843 1324 cuicunque
877 1270 980 1323 Ep’o
1011 1269 1140 1322 hujus
1172 1268 1252 1309 tibi
1283 1267 1562 1322 impendendi
1597 1267 1776 1308 eandem

260 1341 405 1378 tenore
454 1337 735 1391 praesentium
787 1335 1059 1376 concedimus
1111 1334 1372 1375 facultatem.
1451 1335 1611 1374 Datum
1661 1333 1775 1387 apud

261 1403 503 1458 Claveryng
533 1402 671 1443 xxivto
700 1402 769 1442 die
799 1402 828 1442 J
832 1401 924 1442 unii
954 1401 1285 1450 M⁰cccm⁰lxxiiii‚
1308 1403 1350 1441 et
1370 1404 1526 1441 nostrae
1548 1400 1775 1441 Consecra-

261 1470 392 1510 tionis
413 1469 550 1524 primo
572 1468 819 1522 incipiente.

416 1645 605 1684 LirrERA
628 1644 783 1683 Pmonr
807 1653 859 1682 ET
883 1642 1140 1683 CONVENTUI
1162 1652 1218 1681 DE
1241 1642 1515 1682 OBEDIENTIA
1536 1650 1624 1680 Ero.

317 1743 562 1784 Alexander
599 1746 676 1783 etc.
714 1741 883 1782 dilectis
919 1740 1018 1781 filiis
1052 1740 1186 1781 Priori
1224 1743 1267 1781 et
1299 1740 1429 1781 Conv.
1467 1739 1518 1780 de
1554 1739 1773 1793 Whiteby‚

261 1814 415 1851 nostrae
442 1810 684 1858 Dioceseos,
706 1811 781 1848 etc.
843 1808 1151 1847 Praesentatam
1173 1807 1295 1847 nobis
1317 1806 1568 1847 electionem
1587 1809 1774 1846 vestram

262 1876 313 1916 de
364 1875 492 1915 fratre
543 1873 744 1914 Johanne
785 1873 837 1913 de
888 1872 1143 1921 Richmond,
1189 1872 1492 1912 commonacho
1534 1875 1686 1920 vestro,
1727 1871 1773 1911 in

262 1941 477 1982 Abbatem
514 1939 779 1980 concorditer
810 1938 979 1986 factam,
1011 1937 1227 1978 Ordinarii
1258 1937 1342 1977 loci
1370 1950 1445 1990 pro
1477 1937 1569 1990 ipso
1588 1928 1773 1991 ‘negotio

263 2005 527 2060 expediendo
565 2003 774 2058 [licentia]
808 2003 1008 2056 primitus
1040 2003 1225 2051 obtenta,
1261 2003 1368 2042 bene
1404 2002 1547 2043 debito
1588 2001 1775 2043 examini

264 2071 536 2126 subjecimus,
558 2083 736 2123 eamque
758 2069 986 2122 diligenter
1007 2068 1244 2109 examinari
1263 2068 1455 2117 fecimus,
1471 2067 1583 2108 sicut
1599 2068 1775 2109 tradunt

264 2138 478 2179 canonicae
496 2137 738 2177 sanctiones
747 2151 756 2186 3
773 2135 1022 2188 quam‚quia
1036 2134 1281 2175 invenimus
1296 2134 1497 2175 canonice
1511 2134 1775 2183 celebratam,

265 2204 467 2245 duximus
506 2201 853 2250 confirmandam,
888 2200 1072 2241 eundem
1104 2201 1278 2241 fratrem
1317 2200 1559 2240 Johannem
1592 2200 1775 2241 electum

263 2270 401 2311 veluti
422 2269 780 2322 circumspectum
806 2267 1113 2321 prospicientes
1134 2267 1255 2307 vobis
1284 2270 1326 2307 et
1348 2266 1609 2307 Monasterio
1637 2271 1777 2307 vestro

264 2336 492 2390 benignius
513 2336 560 2375 in
581 2335 809 2383 Abbatem,
832 2347 1062 2387 curamque
1084 2337 1127 2374 et
1148 2333 1386 2374 custodiam
1417 2332 1704 2386 spiritualium
1735 2337 1777 2374 et

265 2402 568 2457 temporalium
590 2400 844 2441 Monasterii
864 2400 1032 2454 praefati
1062 2399 1144 2440 sibi
1175 2399 1364 2453 plenarie
1388 2399 1714 2448 committentes,
1735 2403 1778 2440 et

268 2468 524 2510 nominatim
544 2468 665 2508 vobis
696 2467 742 2507 in
763 2467 924 2507 Virtute
955 2470 1112 2507 sanctae
1143 2466 1397 2506 obedientiae
1427 2465 1606 2506 firmiter
1633 2465 1777 2519 injun-

268 2535 404 2589 gendo
435 2534 688 2574 mandamus
725 2532 928 2586 quatinus
964 2531 1218 2585 praedictum
1248 2531 1423 2571 fratrem
1457 2530 1702 2572 Johannem
1731 2531 1777 2571 in

270 2600 483 2641 Abbatem
521 2603 713 2639 vestrum
748 2598 1011 2639 reverentius
1047 2597 1298 2646 admittatis,
1339 2596 1479 2638 eidem
1512 2597 1695 2650 pareatis
1736 2601 1777 2638 et

271 2665 477 2707 obediatis
519 2665 569 2705 de
610 2667 760 2705 caetero
800 2664 846 2703 in
887 2663 1085 2703 omnibus
1126 2676 1221 2716 quae
1261 2662 1427 2703 Sanctae
1467 2662 1701 2716 Religionis
1736 2667 1779 2703 et

272 2732 447 2785 Regulae
468 2736 620 2772 vestrae
652 2729 915 2771 conveniunt
945 2729 1172 2778 honestati,
1194 2731 1236 2769 et
1257 2732 1443 2769 vestram
1473 2728 1520 2768 in
1549 2727 1629 2767 hac
1660 2731 1779 2780 parte

273 2797 541 2837 devotionem
592 2796 795 2837 debemus
850 2794 1002 2835 merito
1059 2793 1364 2835 commendare.
1454 2793 1617 2833 Datum
1667 2793 1780 2846 apud

274 2861 525 2914 Claveryng,
545 2864 594 2901 ut
615 2875 751 2914 supra.
