1889 3221
310 366 673 401 CARTULARIUM
698 366 970 400 ABBATHIAE
995 367 1060 400 DE
1085 366 1334 400 WHITEBY.
1496 359 1577 397 655

64 489 113 517 ac
148 475 438 530 indulgentias
479 476 532 517 ad
569 477 733 517 dictum
774 490 880 531 opus
916 490 1135 518 concessas
1172 476 1454 530 expositurus,
1495 489 1583 530 prae

65 542 160 583 aliis
210 542 491 596 quaestoribus
538 543 877 597 quibuscunque,
927 542 1270 596 procuratoribus
1321 546 1364 584 et
1404 542 1583 591 nuntiis,

63 607 234 649 fabricae
254 612 410 649 nostrae
430 609 554 650 Ebor.
578 608 766 649 ecclesiae
787 609 999 649 duntaxat
1020 608 1221 662 exceptis,
1244 622 1348 663 quos
1376 622 1463 648 non
1491 608 1584 649 sine

65 686 191 714 causa
206 674 452 715 rationabili
472 674 652 729 singulis
669 675 763 716 aliis
784 675 983 715 volumus
1005 679 1049 716 et
1068 674 1254 729 petimus
1283 675 1493 725 anteferri,
1515 687 1584 715 eos

64 739 209 780 velitis
231 740 521 781 favorabiliter
551 740 777 782 admittere
809 745 851 782 et
881 744 1075 791 tractare,
1096 741 1343 794 hujusmodi
1364 740 1581 795 negotium

65 810 156 845 tam
187 806 298 847 clero
320 819 450 859 quam
479 807 638 860 populo
666 807 786 847 vobis
819 807 991 848 subdito
1021 807 1068 847 in
1090 807 1290 860 capitulis
1322 806 1586 848 celebrandis

66 875 109 911 et
129 871 175 910 in
198 871 386 912 ecclesiis
407 872 559 913 vestris
591 873 702 913 infra
733 873 959 913 missarum
990 872 1240 926 solempnia,
1271 877 1314 914 et
1344 872 1439 913 aliis
1469 872 1585 921 locis,

66 937 222 990 quibus
257 937 473 978 videbitur
505 938 718 991 expedire,
754 938 981 979 efficaciter
1016 943 1291 992 exponentes,
1322 942 1365 979 et
1395 939 1585 980 caritatis

65 1003 230 1043 intuitu
260 1007 583 1056 promoventes;
613 1004 783 1058 proviso
814 1004 927 1058 quod
961 1004 1167 1058 quicquid
1198 1004 1425 1045 collectum
1455 1004 1587 1045 fuerit

66 1069 112 1109 in
153 1069 232 1109 hac
271 1072 391 1122 parte
442 1069 610 1110 faciatis
650 1070 851 1123 praedicto
887 1069 1081 1110 Johanni
1121 1070 1284 1124 integre
1326 1074 1369 1110 et
1404 1069 1588 1111 fideliter

67 1134 250 1184 liberari,
281 1134 360 1175 sub
396 1148 519 1188 paena
556 1135 1009 1176 excommunicationis
1040 1135 1224 1189 maJ'oris,
1260 1149 1391 1189 quam
1422 1138 1587 1176 contra-

68 1201 287 1242 venientes
337 1214 425 1241 non
474 1201 688 1242 immerito
738 1201 928 1254 poterint
975 1201 1213 1251 formidare,
1254 1215 1340 1242 non
1390 1202 1587 1242 obstante

68 1266 326 1307 inhibitione
355 1270 508 1317 nostra,
531 1267 674 1320 siqua
705 1267 835 1308 fuerit
866 1267 951 1308 alia
981 1267 1101 1308 vobis
1133 1268 1255 1310 facta.
1316 1267 1413 1308 Hoc
1444 1271 1588 1308 autem

69 1332 319 1372 mandatum
332 1335 527 1372 nostrum
543 1332 689 1373 taliter
705 1337 879 1387 tamque
895 1333 1078 1374 fideliter
1095 1338 1139 1374 et
1155 1333 1297 1374 debite
1315 1333 1589 1386 compleatur,

69 1397 185 1451 quod
206 1402 349 1439 vestra
376 1398 621 1439 obedientia
643 1398 762 1439 vobis
795 1399 918 1439 cedat
947 1399 999 1439 ad
1030 1399 1232 1440 meritum
1254 1399 1357 1439 dum
1378 1399 1492 1452 apud
1512 1413 1588 1440 vos

71 1477 115 1504 se
137 1464 522 1505 commendabilem
544 1464 744 1505 exhibeat
764 1465 809 1504 in
828 1465 1045 1505 fructuoso
1067 1478 1191 1518 opere
1214 1465 1353 1518 quoad
1375 1464 1588 1518 propriam

71 1529 399 1570 subventionem
421 1529 592 1570 fabricae
614 1530 878 1583 supradictae.
931 1530 1022 1571 Nos
1044 1534 1201 1579 autem,
1223 1533 1301 1572 etc.
1322 1529 1479 1584 viginti
1499 1530 1589 1570 dies

72 1599 147 1634 etc.
213 1594 267 1634 In
307 1595 429 1648 cujus
470 1594 531 1635 rei
566 1594 864 1635 testimonium
905 1598 983 1636 etc.
1057 1596 1223 1636 Datum
1263 1595 1378 1648 apud
1423 1595 1589 1636 Lanum

72 1660 219 1700 Nonas
256 1660 455 1701 Octobris
495 1660 553 1700 Αο
589 1659 692 1700 D'ni
726 1659 962 1701 Millesimo
999 1666 1120 1701 cccm⁰
1155 1660 1323 1710 xxxiiii,
1354 1665 1397 1702 et
1432 1661 1589 1701 Pontif.

72 1726 207 1766 nostri
228 1725 366 1766 xviiia

131 1792 333 1846 Sigillum
353 1791 400 1832 in
420 1805 539 1846 praes.
563 1805 638 1845 per
658 1805 822 1832 annum
845 1791 1099 1833 duraturum
1126 1795 1192 1833 est
1222 1805 1472 1846 appensum.
1535 1792 1592 1832 Et

72 1858 394 1900 memorandum
417 1857 532 1911 quod
553 1857 696 1898 dictus
717 1858 746 1898 J
749 1858 950 1908 ohannes,
971 1858 1097 1899 tactis
1128 1858 1290 1899 ibidem
1311 1858 1592 1899 sacrosanctis

73 1924 331 1978 Evangeliis‚
353 1923 466 1977 quod
496 1923 667 1963 nullum
698 1923 946 1965 admitteret
977 1924 1263 1964 substitutum
1293 1924 1380 1965 nisi
1410 1937 1486 1978 per
1514 1937 1592 1964 nos

72 1990 191 2044 prius
227 1989 463 2030 admissum
500 1993 543 2030 et
571 1989 776 2042 juratum.
851 1989 921 2043 [In
957 1990 1109 2044 marry]
1157 1988 1227 2030 Md
1263 1990 1377 2044 quod
1412 1990 1462 2030 iii
1493 1989 1591 2030 Kal.

74 2055 272 2096 Octobris
312 2054 424 2096 A.D.
466 2054 735 2095 M⁰cccxxxiii
774 2055 890 2108 apud
928 2055 1110 2096 Cawode
1150 2059 1349 2096 revocata
1389 2055 1474 2095 fuit
1508 2055 1593 2096 ista

73 2121 208 2161 libera
229 2124 272 2161 et
293 2119 540 2161 omnimoda
561 2123 750 2173 potestas
767 2120 961 2162 Johanni
982 2120 1034 2162 de
1056 2120 1237 2175 Lumby,
1258 2121 1507 2163 substitutis
1523 2121 1593 2162 vel

74 2186 391 2240 coadjutoribus
413 2185 502 2227 suis
524 2185 619 2226 aliis
640 2185 687 2226 in
707 2186 786 2227 hac
808 2190 928 2239 parte
950 2199 1160 2227 concessa.

497 2340 682 2382 DCVH.
714 2340 914 2394 (Melton,
935 2340 961 2380 f.
987 2340 1100 2392 249.)

161 2440 466 2481 CERTIFICATIO
488 2449 545 2479 DE
567 2449 810 2479 BENEFICHs
832 2449 884 2478 ET
907 2449 1242 2481 TEMPORAHBUS
1263 2439 1507 2481 ABBATHIAE

681 2515 737 2545 DE
760 2505 986 2546 WHITEBY.

133 2595 463 2637 Venerabilibus
518 2599 562 2636 et
611 2595 806 2636 discretis
862 2595 977 2645 viris,
1037 2596 1161 2636 D'nis
1217 2595 1494 2637 Thesaurario
1549 2600 1593 2637 et

77 2661 313 2702 Bai-onibus
360 2661 412 2701 de
457 2661 675 2702 Scaccario
714 2661 816 2701 D'ni
866 2661 1002 2701 nostri
1041 2661 1180 2715 Regis,
1220 2661 1468 2703 Willelmus
1508 2663 1593 2703 Dei

77 2727 351 2768 Providentia
401 2731 479 2768 etc.
531 2726 714 2767 salutem
755 2740 854 2767 cum
902 2726 983 2767 Dei
1031 2727 1329 2768 benedictione
1370 2730 1413 2768 et
1456 2729 1593 2781 gratia

78 2793 264 2834 salutari.
318 2793 452 2834 Breve
473 2792 637 2846 regium
658 2792 897 2846 recepimus
919 2795 1110 2833 tenorem
1127 2797 1236 2833 cont.
1254 2792 1593 2847 infrascriptum:

77 2859 381 2908 —Edwardus,
413 2859 466 2900 D.
499 2859 549 2900 G.
572 2862 649 2899 etc.
681 2857 919 2899 venerabili
948 2857 994 2897 in
1027 2857 1197 2899 Christo
1228 2858 1341 2911 patri
1361 2859 1594 2910 Willelmo‚

79 2924 226 2965 eadem
255 2925 390 2979 gratia
420 2925 545 2965 Ebor.
577 2923 815 2976 Archiep'0‚
837 2926 928 2972 etc„
948 2922 1144 2964 salutem.
1203 2924 1270 2963 Ex
1296 2927 1417 2977 parte
1446 2925 1594 2966 dilecti

79 2990 200 3030 nobis
231 2990 277 3030 in
309 2990 479 3031 Christo
500 2989 683 3030 Abbatis
704 2989 757 3029 de
779 2988 961 3042 Whitby
981 2988 1104 3029 nobis
1136 2993 1202 3029 est
1232 2989 1521 3043 supplicatum
1543 2994 1593 3031 ut

79 3067 177 3094 cum
198 3054 416 3096 Abbathia
437 3068 513 3097 sua
533 3054 738 3109 praedicta
759 3059 803 3096 et
823 3054 1029 3095 beneficia
1050 3054 1103 3095 ad
1125 3068 1219 3095 eam
1249 3055 1488 3109 spectantia
1518 3068 1594 3109 per
