<?xml version="1.0" encoding="UTF-8"?>
<!DOCTYPE html PUBLIC "-//W3C//DTD XHTML 1.0 Transitional//EN"
    "http://www.w3.org/TR/xhtml1/DTD/xhtml1-transitional.dtd">
<html xmlns="http://www.w3.org/1999/xhtml" xml:lang="en" lang="en">
 <head>
  <title>
</title>
<meta http-equiv="Content-Type" content="text/html;charset=utf-8" />
  <meta name='ocr-system' content='tesseract 3.04.00' />
  <meta name='ocr-capabilities' content='ocr_page ocr_carea ocr_par ocr_line ocrx_word'/>
</head>
<body>
  <div class='ocr_page' id='page_1' title='image "./cartulariumabbat02whit_0150.png"; bbox 0 0 1889 3221; ppageno 0'>
   <div class='ocr_carea' id='block_1_1' title="bbox 188 383 1453 425">
    <p class='ocr_par' dir='ltr' id='par_1_1' title="bbox 188 383 1453 425">
     <span class='ocr_line' id='line_1_1' title="bbox 188 383 1453 425; baseline 0.004 -5"><span class='ocrx_word' id='word_1_1' title='bbox 188 383 269 421; x_wconf 76' lang='lat'>488</span> <span class='ocrx_word' id='word_1_2' title='bbox 438 391 798 425; x_wconf 79' lang='lat' dir='ltr'><strong>OARTULARIUM</strong></span> <span class='ocrx_word' id='word_1_3' title='bbox 825 391 1093 424; x_wconf 83' lang='lat' dir='ltr'><strong>ABBATHIAE</strong></span> <span class='ocrx_word' id='word_1_4' title='bbox 1116 391 1181 423; x_wconf 88' lang='lat' dir='ltr'>DE</span> <span class='ocrx_word' id='word_1_5' title='bbox 1205 392 1453 425; x_wconf 87' lang='lat' dir='ltr'>WHlTEBY.</span> 
     </span>
    </p>
   </div>
   <div class='ocr_carea' id='block_1_2' title="bbox 184 501 1709 3070">
    <p class='ocr_par' dir='ltr' id='par_1_2' title="bbox 184 501 1709 3070">
     <span class='ocr_line' id='line_1_2' title="bbox 188 501 1697 555; baseline 0.001 -14"><span class='ocrx_word' id='word_1_6' title='bbox 188 501 420 553; x_wconf 77' lang='lat' dir='ltr'>parochiali</span> <span class='ocrx_word' id='word_1_7' title='bbox 463 501 514 542; x_wconf 92' lang='lat' dir='ltr'>de</span> <span class='ocrx_word' id='word_1_8' title='bbox 548 502 718 542; x_wconf 83' lang='lat' dir='ltr'>Semara</span> <span class='ocrx_word' id='word_1_9' title='bbox 748 502 819 554; x_wconf 86' lang='lat' dir='ltr'>jus</span> <span class='ocrx_word' id='word_1_10' title='bbox 853 505 1103 555; x_wconf 88' lang='lat' dir='ltr'>patronatus</span> <span class='ocrx_word' id='word_1_11' title='bbox 1144 502 1398 551; x_wconf 88' lang='lat' dir='ltr'>habuerunt,</span> <span class='ocrx_word' id='word_1_12' title='bbox 1437 502 1559 555; x_wconf 86' lang='lat' dir='ltr'>cujus</span> <span class='ocrx_word' id='word_1_13' title='bbox 1600 501 1697 542; x_wconf 91' lang='lat' dir='ltr'>eccl.</span> 
     </span>
     <span class='ocr_line' id='line_1_3' title="bbox 184 567 1700 621; baseline -0.001 -14"><span class='ocrx_word' id='word_1_14' title='bbox 184 567 350 608; x_wconf 87' lang='lat' dir='ltr'>fructus</span> <span class='ocrx_word' id='word_1_15' title='bbox 374 572 415 608; x_wconf 91' lang='lat' dir='ltr'>et</span> <span class='ocrx_word' id='word_1_16' title='bbox 446 573 679 621; x_wconf 86' lang='lat' dir='ltr'>proventus</span> <span class='ocrx_word' id='word_1_17' title='bbox 702 567 835 607; x_wconf 90' lang='lat' dir='ltr'>annui</span> <span class='ocrx_word' id='word_1_18' title='bbox 861 568 987 621; x_wconf 81' lang='lat' dir='ltr'>juxta</span> <span class='ocrx_word' id='word_1_19' title='bbox 1008 568 1272 609; x_wconf 78' lang='lat' dir='ltr'>taxationem</span> <span class='ocrx_word' id='word_1_20' title='bbox 1294 568 1468 608; x_wconf 70' lang='lat' dir='ltr'>decimae</span> <span class='ocrx_word' id='word_1_21' title='bbox 1490 581 1700 608; x_wconf 85' lang='lat' dir='ltr'>summam</span> 
     </span>
     <span class='ocr_line' id='line_1_4' title="bbox 186 634 1702 688; baseline 0 -14"><span class='ocrx_word' id='word_1_22' title='bbox 186 634 432 688; x_wconf 85' lang='lat' dir='ltr'>octuaginta</span> <span class='ocrx_word' id='word_1_23' title='bbox 456 647 693 675; x_wconf 86' lang='lat' dir='ltr'>marcarum</span> <span class='ocrx_word' id='word_1_24' title='bbox 718 634 1017 688; x_wconf 71' lang='lat' dir='ltr'>sterlingorum</span> <span class='ocrx_word' id='word_1_25' title='bbox 1050 648 1136 674; x_wconf 90' lang='lat' dir='ltr'>non</span> <span class='ocrx_word' id='word_1_26' title='bbox 1165 638 1443 683; x_wconf 77' lang='lat' dir='ltr'>excesserant,</span> <span class='ocrx_word' id='word_1_27' title='bbox 1469 648 1547 675; x_wconf 89' lang='grc'>1100</span> <span class='ocrx_word' id='word_1_28' title='bbox 1580 647 1702 675; x_wconf 83' lang='lat' dir='ltr'>exce-</span> 
     </span>
     <span class='ocr_line' id='line_1_5' title="bbox 186 699 1703 754; baseline 0 -15"><span class='ocrx_word' id='word_1_29' title='bbox 186 699 306 748; x_wconf 86' lang='lat' dir='ltr'>dunt,</span> <span class='ocrx_word' id='word_1_30' title='bbox 344 700 516 741; x_wconf 89' lang='lat' dir='ltr'>nomine</span> <span class='ocrx_word' id='word_1_31' title='bbox 557 700 845 754; x_wconf 78' lang='lat' dir='ltr'>procuratorio</span> <span class='ocrx_word' id='word_1_32' title='bbox 888 700 1128 749; x_wconf 88' lang='lat' dir='ltr'>eorundem,</span> <span class='ocrx_word' id='word_1_33' title='bbox 1160 700 1253 741; x_wconf 89' lang='lat' dir='ltr'>dico</span> <span class='ocrx_word' id='word_1_34' title='bbox 1286 706 1328 741; x_wconf 89' lang='lat' dir='ltr'>et</span> <span class='ocrx_word' id='word_1_35' title='bbox 1358 714 1546 754; x_wconf 83' lang='lat' dir='ltr'>propono</span> <span class='ocrx_word' id='word_1_36' title='bbox 1589 699 1703 754; x_wconf 88' lang='lat' dir='ltr'>quod</span> 
     </span>
     <span class='ocr_line' id='line_1_6' title="bbox 186 765 1705 820; baseline 0 -15"><span class='ocrx_word' id='word_1_37' title='bbox 186 765 439 819; x_wconf 66' lang='lat' dir='ltr'>praedictum</span> <span class='ocrx_word' id='word_1_38' title='bbox 471 767 783 807; x_wconf 87' lang='lat' dir='ltr'>Monasterium</span> <span class='ocrx_word' id='word_1_39' title='bbox 816 766 867 806; x_wconf 89' lang='lat' dir='ltr'>de</span> <span class='ocrx_word' id='word_1_40' title='bbox 888 766 1106 820; x_wconf 80' lang='lat' dir='ltr'>Whiteby,</span> <span class='ocrx_word' id='word_1_41' title='bbox 1130 767 1242 820; x_wconf 90' lang='lat' dir='ltr'>quod</span> <span class='ocrx_word' id='word_1_42' title='bbox 1273 767 1318 806; x_wconf 90' lang='lat' dir='ltr'>in</span> <span class='ocrx_word' id='word_1_43' title='bbox 1352 772 1474 807; x_wconf 90' lang='lat' dir='ltr'>vasto</span> <span class='ocrx_word' id='word_1_44' title='bbox 1506 771 1548 807; x_wconf 88' lang='lat' dir='ltr'>et</span> <span class='ocrx_word' id='word_1_45' title='bbox 1570 766 1705 807; x_wconf 82' lang='lat' dir='ltr'>sterili</span> 
     </span>
     <span class='ocr_line' id='line_1_7' title="bbox 184 832 1705 886; baseline 0 -14"><span class='ocrx_word' id='word_1_46' title='bbox 184 832 278 872; x_wconf 92' lang='lat' dir='ltr'>loco</span> <span class='ocrx_word' id='word_1_47' title='bbox 321 832 451 873; x_wconf 86' lang='lat' dir='ltr'>situm</span> <span class='ocrx_word' id='word_1_48' title='bbox 484 833 569 873; x_wconf 89' lang='lat' dir='ltr'>fore</span> <span class='ocrx_word' id='word_1_49' title='bbox 612 833 911 873; x_wconf 72' lang='lat' dir='ltr'>dinoscebatur</span> <span class='ocrx_word' id='word_1_50' title='bbox 955 837 996 873; x_wconf 89' lang='lat' dir='ltr'>et</span> <span class='ocrx_word' id='word_1_51' title='bbox 1034 833 1280 880; x_wconf 80' lang='lat' dir='ltr'>dinoscitur,</span> <span class='ocrx_word' id='word_1_52' title='bbox 1316 846 1391 886; x_wconf 82' lang='lat' dir='ltr'>per</span> <span class='ocrx_word' id='word_1_53' title='bbox 1423 833 1599 874; x_wconf 74' lang='lat' dir='ltr'>hostiles</span> <span class='ocrx_word' id='word_1_54' title='bbox 1640 833 1705 873; x_wconf 90' lang='lat' dir='ltr'>in-</span> 
     </span>
     <span class='ocr_line' id='line_1_8' title="bbox 187 899 1703 953; baseline 0.001 -15"><span class='ocrx_word' id='word_1_55' title='bbox 187 911 335 939; x_wconf 89' lang='lat' dir='ltr'>cursus</span> <span class='ocrx_word' id='word_1_56' title='bbox 364 899 489 952; x_wconf 82' lang='lat'>(149)</span> <span class='ocrx_word' id='word_1_57' title='bbox 517 899 758 940; x_wconf 83' lang='lat' dir='ltr'>Scottorum</span> <span class='ocrx_word' id='word_1_58' title='bbox 781 899 855 952; x_wconf 86' lang='lat' dir='ltr'>qui</span> <span class='ocrx_word' id='word_1_59' title='bbox 880 899 1167 952; x_wconf 88' lang='lat' dir='ltr'>possessiones</span> <span class='ocrx_word' id='word_1_60' title='bbox 1190 905 1232 940; x_wconf 90' lang='lat' dir='ltr'>et</span> <span class='ocrx_word' id='word_1_61' title='bbox 1254 899 1365 939; x_wconf 89' lang='lat' dir='ltr'>bona</span> <span class='ocrx_word' id='word_1_62' title='bbox 1386 899 1522 952; x_wconf 86' lang='lat' dir='ltr'>ipsius</span> <span class='ocrx_word' id='word_1_63' title='bbox 1545 899 1703 953; x_wconf 89' lang='lat' dir='ltr'>pluries</span> 
     </span>
     <span class='ocr_line' id='line_1_9' title="bbox 188 964 1705 1019; baseline 0.001 -14"><span class='ocrx_word' id='word_1_64' title='bbox 188 964 431 1006; x_wconf 86' lang='lat' dir='ltr'>devastasse</span> <span class='ocrx_word' id='word_1_65' title='bbox 482 966 778 1015; x_wconf 89' lang='lat' dir='ltr'>noscebantur,</span> <span class='ocrx_word' id='word_1_66' title='bbox 815 979 979 1006; x_wconf 87' lang='lat' dir='ltr'>necnon</span> <span class='ocrx_word' id='word_1_67' title='bbox 1028 969 1070 1006; x_wconf 81' lang='lat' dir='ltr'>et</span> <span class='ocrx_word' id='word_1_68' title='bbox 1119 965 1226 1019; x_wconf 87' lang='lat' dir='ltr'>[per]</span> <span class='ocrx_word' id='word_1_69' title='bbox 1267 966 1573 1007; x_wconf 83' lang='lat' dir='ltr'>mortalitatem</span> <span class='ocrx_word' id='word_1_70' title='bbox 1614 966 1705 1006; x_wconf 89' lang='lat' dir='ltr'>ani-</span> 
     </span>
     <span class='ocr_line' id='line_1_10' title="bbox 188 1031 1706 1085; baseline 0 -14"><span class='ocrx_word' id='word_1_71' title='bbox 188 1031 378 1081; x_wconf 86' lang='lat' dir='ltr'>malium,</span> <span class='ocrx_word' id='word_1_72' title='bbox 401 1036 444 1072; x_wconf 92' lang='lat' dir='ltr'>et</span> <span class='ocrx_word' id='word_1_73' title='bbox 473 1036 679 1073; x_wconf 87' lang='lat' dir='ltr'>terrarum</span> <span class='ocrx_word' id='word_1_74' title='bbox 711 1032 846 1085; x_wconf 88' lang='lat' dir='ltr'>ipsius</span> <span class='ocrx_word' id='word_1_75' title='bbox 885 1032 1139 1073; x_wconf 87' lang='lat' dir='ltr'>Monasterii</span> <span class='ocrx_word' id='word_1_76' title='bbox 1171 1032 1440 1073; x_wconf 83' lang='lat' dir='ltr'>sterilitatem</span> <span class='ocrx_word' id='word_1_77' title='bbox 1476 1032 1706 1081; x_wconf 85' lang='lat' dir='ltr'>insolitam,</span> 
     </span>
     <span class='ocr_line' id='line_1_11' title="bbox 188 1097 1706 1152; baseline 0 -15"><span class='ocrx_word' id='word_1_78' title='bbox 188 1098 356 1151; x_wconf 88' lang='lat' dir='ltr'>aliaque</span> <span class='ocrx_word' id='word_1_79' title='bbox 379 1112 474 1152; x_wconf 80' lang='lat' dir='ltr'>quae</span> <span class='ocrx_word' id='word_1_80' title='bbox 495 1099 750 1152; x_wconf 80' lang='lat' dir='ltr'>contigerint</span> <span class='ocrx_word' id='word_1_81' title='bbox 772 1098 910 1139; x_wconf 88' lang='lat' dir='ltr'>eidem</span> <span class='ocrx_word' id='word_1_82' title='bbox 932 1098 1165 1139; x_wconf 90' lang='lat' dir='ltr'>infortunia</span> <span class='ocrx_word' id='word_1_83' title='bbox 1186 1099 1371 1152; x_wconf 84' lang='lat' dir='ltr'>plurima</span> <span class='ocrx_word' id='word_1_84' title='bbox 1393 1103 1436 1139; x_wconf 91' lang='lat' dir='ltr'>et</span> <span class='ocrx_word' id='word_1_85' title='bbox 1453 1098 1631 1146; x_wconf 87' lang='lat' dir='ltr'>diversa,</span> <span class='ocrx_word' id='word_1_86' title='bbox 1653 1097 1706 1137; x_wconf 87' lang='lat' dir='ltr'>ad</span> 
     </span>
     <span class='ocr_line' id='line_1_12' title="bbox 189 1164 1705 1219; baseline 0.001 -15"><span class='ocrx_word' id='word_1_87' title='bbox 189 1169 354 1205; x_wconf 85' lang='lat' dir='ltr'>tantam</span> <span class='ocrx_word' id='word_1_88' title='bbox 371 1165 558 1218; x_wconf 88' lang='lat' dir='ltr'>inopiam</span> <span class='ocrx_word' id='word_1_89' title='bbox 575 1166 658 1206; x_wconf 88' lang='lat' dir='ltr'>fuit</span> <span class='ocrx_word' id='word_1_90' title='bbox 673 1169 714 1206; x_wconf 91' lang='lat' dir='ltr'>et</span> <span class='ocrx_word' id='word_1_91' title='bbox 729 1170 793 1206; x_wconf 89' lang='lat' dir='ltr'>est</span> <span class='ocrx_word' id='word_1_92' title='bbox 807 1164 1050 1214; x_wconf 85' lang='lat' dir='ltr'>deductum,</span> <span class='ocrx_word' id='word_1_93' title='bbox 1067 1165 1177 1218; x_wconf 85' lang='lat' dir='ltr'>quod</span> <span class='ocrx_word' id='word_1_94' title='bbox 1199 1164 1317 1219; x_wconf 90' lang='lat' dir='ltr'>[nisi]</span> <span class='ocrx_word' id='word_1_95' title='bbox 1335 1165 1394 1206; x_wconf 89' lang='lat' dir='ltr'>eis</span> <span class='ocrx_word' id='word_1_96' title='bbox 1412 1179 1538 1219; x_wconf 86' lang='lat' dir='ltr'>super</span> <span class='ocrx_word' id='word_1_97' title='bbox 1554 1165 1636 1205; x_wconf 89' lang='lat' dir='ltr'>hiis</span> <span class='ocrx_word' id='word_1_98' title='bbox 1654 1164 1705 1205; x_wconf 88' lang='lat' dir='ltr'>de</span> 
     </span>
     <span class='ocr_line' id='line_1_13' title="bbox 191 1231 1704 1286; baseline -0.001 -16"><span class='ocrx_word' id='word_1_99' title='bbox 191 1236 399 1284; x_wconf 89' lang='lat' dir='ltr'>oportuno</span> <span class='ocrx_word' id='word_1_100' title='bbox 430 1232 615 1272; x_wconf 85' lang='lat' dir='ltr'>remedio</span> <span class='ocrx_word' id='word_1_101' title='bbox 645 1246 720 1286; x_wconf 88' lang='lat' dir='ltr'>per</span> <span class='ocrx_word' id='word_1_102' title='bbox 756 1231 880 1272; x_wconf 75' lang='lat' dir='ltr'>dictae</span> <span class='ocrx_word' id='word_1_103' title='bbox 913 1231 1197 1272; x_wconf 84' lang='lat' dir='ltr'>Sacrosanctae</span> <span class='ocrx_word' id='word_1_104' title='bbox 1237 1232 1357 1272; x_wconf 81' lang='lat' dir='ltr'>Sedis</span> <span class='ocrx_word' id='word_1_105' title='bbox 1393 1231 1704 1286; x_wconf 85' lang='lat' dir='ltr'>providentiam</span> 
     </span>
     <span class='ocr_line' id='line_1_14' title="bbox 188 1298 1707 1351; baseline 0 -14"><span class='ocrx_word' id='word_1_106' title='bbox 188 1302 471 1347; x_wconf 86' lang='lat' dir='ltr'>succurratur,</span> <span class='ocrx_word' id='word_1_107' title='bbox 522 1298 671 1338; x_wconf 88' lang='lat' dir='ltr'>solitus</span> <span class='ocrx_word' id='word_1_108' title='bbox 722 1298 1024 1338; x_wconf 87' lang='lat' dir='ltr'>monachorum</span> <span class='ocrx_word' id='word_1_109' title='bbox 1086 1311 1299 1346; x_wconf 88' lang='lat' dir='ltr'>numerus,</span> <span class='ocrx_word' id='word_1_110' title='bbox 1350 1302 1392 1339; x_wconf 90' lang='lat' dir='ltr'>et</span> <span class='ocrx_word' id='word_1_111' title='bbox 1442 1298 1613 1351; x_wconf 85' lang='lat' dir='ltr'>pietatis</span> <span class='ocrx_word' id='word_1_112' title='bbox 1664 1302 1707 1337; x_wconf 91' lang='lat' dir='ltr'>et</span> 
     </span>
     <span class='ocr_line' id='line_1_15' title="bbox 188 1363 1706 1418; baseline -0.001 -15"><span class='ocrx_word' id='word_1_113' title='bbox 188 1363 498 1417; x_wconf 83' lang='lat' dir='ltr'>hospitalitatis</span> <span class='ocrx_word' id='word_1_114' title='bbox 549 1378 675 1418; x_wconf 88' lang='lat' dir='ltr'>opera</span> <span class='ocrx_word' id='word_1_115' title='bbox 722 1364 820 1404; x_wconf 88' lang='lat' dir='ltr'>ibid.</span> <span class='ocrx_word' id='word_1_116' title='bbox 868 1364 959 1405; x_wconf 85' lang='lat' dir='ltr'>fieri</span> <span class='ocrx_word' id='word_1_117' title='bbox 1006 1369 1206 1405; x_wconf 89' lang='lat' dir='ltr'>consueta</span> <span class='ocrx_word' id='word_1_118' title='bbox 1248 1378 1333 1404; x_wconf 93' lang='lat' dir='ltr'>non</span> <span class='ocrx_word' id='word_1_119' title='bbox 1383 1368 1584 1418; x_wconf 90' lang='lat' dir='ltr'>poterunt</span> <span class='ocrx_word' id='word_1_120' title='bbox 1629 1376 1706 1403; x_wconf 91' lang='lat' dir='ltr'>nec</span> 
     </span>
     <span class='ocr_line' id='line_1_16' title="bbox 191 1429 1708 1485; baseline 0 -15"><span class='ocrx_word' id='word_1_121' title='bbox 191 1436 372 1483; x_wconf 87' lang='lat' dir='ltr'>possunt</span> <span class='ocrx_word' id='word_1_122' title='bbox 388 1431 402 1454; x_wconf 74' lang='lat'>1</span> <span class='ocrx_word' id='word_1_123' title='bbox 425 1432 620 1481; x_wconf 78' lang='lat' dir='ltr'>exerceri,</span> <span class='ocrx_word' id='word_1_124' title='bbox 642 1431 893 1485; x_wconf 83' lang='lat' dir='ltr'>quinimmo,</span> <span class='ocrx_word' id='word_1_125' title='bbox 916 1431 1030 1484; x_wconf 86' lang='lat' dir='ltr'>quod</span> <span class='ocrx_word' id='word_1_126' title='bbox 1051 1431 1345 1471; x_wconf 86' lang='lat' dir='ltr'>vehementius</span> <span class='ocrx_word' id='word_1_127' title='bbox 1377 1437 1442 1471; x_wconf 88' lang='lat' dir='ltr'>est</span> <span class='ocrx_word' id='word_1_128' title='bbox 1464 1429 1708 1478; x_wconf 85' lang='lat' dir='ltr'>dolendum,</span> 
     </span>
     <span class='ocr_line' id='line_1_17' title="bbox 191 1496 1708 1551; baseline -0.001 -15"><span class='ocrx_word' id='word_1_129' title='bbox 191 1497 322 1538; x_wconf 89' lang='lat' dir='ltr'>iidem</span> <span class='ocrx_word' id='word_1_130' title='bbox 349 1498 495 1538; x_wconf 90' lang='lat' dir='ltr'>Abbas</span> <span class='ocrx_word' id='word_1_131' title='bbox 527 1502 570 1538; x_wconf 90' lang='lat' dir='ltr'>et</span> <span class='ocrx_word' id='word_1_132' title='bbox 603 1498 862 1547; x_wconf 79' lang='lat' dir='ltr'>Conventus,</span> <span class='ocrx_word' id='word_1_133' title='bbox 885 1498 1064 1551; x_wconf 79' lang='lat' dir='ltr'>aliaeque</span> <span class='ocrx_word' id='word_1_134' title='bbox 1096 1511 1285 1551; x_wconf 78' lang='lat' dir='ltr'>personae</span> <span class='ocrx_word' id='word_1_135' title='bbox 1318 1498 1421 1538; x_wconf 89' lang='lat' dir='ltr'>dicti</span> <span class='ocrx_word' id='word_1_136' title='bbox 1443 1496 1708 1544; x_wconf 87' lang='lat' dir='ltr'>Monasterii,</span> 
     </span>
     <span class='ocr_line' id='line_1_18' title="bbox 191 1563 1707 1618; baseline 0 -15"><span class='ocrx_word' id='word_1_137' title='bbox 191 1568 398 1617; x_wconf 86' lang='lat' dir='ltr'>tanquam</span> <span class='ocrx_word' id='word_1_138' title='bbox 435 1578 532 1605; x_wconf 83' lang='lat' dir='ltr'>oves</span> <span class='ocrx_word' id='word_1_139' title='bbox 570 1568 758 1605; x_wconf 88' lang='lat' dir='ltr'>errantes</span> <span class='ocrx_word' id='word_1_140' title='bbox 795 1578 880 1618; x_wconf 80' lang='lat' dir='ltr'>prae</span> <span class='ocrx_word' id='word_1_141' title='bbox 917 1564 1060 1617; x_wconf 85' lang='lat' dir='ltr'>inopia</span> <span class='ocrx_word' id='word_1_142' title='bbox 1097 1564 1403 1618; x_wconf 80' lang='lat' dir='ltr'>dispergentur,</span> <span class='ocrx_word' id='word_1_143' title='bbox 1441 1577 1535 1617; x_wconf 62' lang='lat' dir='ltr'>quae</span> <span class='ocrx_word' id='word_1_144' title='bbox 1566 1563 1707 1604; x_wconf 90' lang='lat' dir='ltr'>omnia</span> 
     </span>
     <span class='ocr_line' id='line_1_19' title="bbox 194 1628 1707 1684; baseline -0.001 -15"><span class='ocrx_word' id='word_1_145' title='bbox 194 1634 236 1670; x_wconf 90' lang='lat' dir='ltr'>et</span> <span class='ocrx_word' id='word_1_146' title='bbox 269 1630 435 1683; x_wconf 81' lang='lat' dir='ltr'>singula</span> <span class='ocrx_word' id='word_1_147' title='bbox 467 1631 711 1684; x_wconf 87' lang='lat' dir='ltr'>supradicta</span> <span class='ocrx_word' id='word_1_148' title='bbox 743 1635 844 1671; x_wconf 88' lang='lat' dir='ltr'>sunt</span> <span class='ocrx_word' id='word_1_149' title='bbox 880 1636 922 1671; x_wconf 92' lang='lat' dir='ltr'>et</span> <span class='ocrx_word' id='word_1_150' title='bbox 954 1630 1127 1671; x_wconf 85' lang='lat' dir='ltr'>fuerunt</span> <span class='ocrx_word' id='word_1_151' title='bbox 1163 1630 1224 1670; x_wconf 87' lang='lat' dir='ltr'>ita</span> <span class='ocrx_word' id='word_1_152' title='bbox 1255 1644 1364 1679; x_wconf 84' lang='lat' dir='ltr'>vera,</span> <span class='ocrx_word' id='word_1_153' title='bbox 1395 1634 1583 1683; x_wconf 84' lang='lat' dir='ltr'>tempore</span> <span class='ocrx_word' id='word_1_154' title='bbox 1618 1628 1707 1669; x_wconf 89' lang='lat' dir='ltr'>dati</span> 
     </span>
     <span class='ocr_line' id='line_1_20' title="bbox 195 1696 1706 1750; baseline 0 -14"><span class='ocrx_word' id='word_1_155' title='bbox 195 1696 404 1737; x_wconf 87' lang='lat' dir='ltr'>dictarum</span> <span class='ocrx_word' id='word_1_156' title='bbox 435 1697 562 1738; x_wconf 90' lang='lat' dir='ltr'>litter.</span> <span class='ocrx_word' id='word_1_157' title='bbox 594 1697 949 1750; x_wconf 86' lang='lat' dir='ltr'>Apostolicarum,</span> <span class='ocrx_word' id='word_1_158' title='bbox 981 1700 1023 1737; x_wconf 91' lang='lat' dir='ltr'>et</span> <span class='ocrx_word' id='word_1_159' title='bbox 1054 1700 1164 1746; x_wconf 86' lang='lat' dir='ltr'>ante,</span> <span class='ocrx_word' id='word_1_160' title='bbox 1196 1700 1237 1737; x_wconf 92' lang='lat' dir='ltr'>et</span> <span class='ocrx_word' id='word_1_161' title='bbox 1268 1700 1358 1737; x_wconf 86' lang='lat' dir='ltr'>toto</span> <span class='ocrx_word' id='word_1_162' title='bbox 1394 1701 1583 1750; x_wconf 87' lang='lat' dir='ltr'>tempore</span> <span class='ocrx_word' id='word_1_163' title='bbox 1611 1709 1706 1749; x_wconf 87' lang='lat' dir='ltr'>sug-</span> 
     </span>
     <span class='ocr_line' id='line_1_21' title="bbox 193 1762 1709 1816; baseline 0 -14"><span class='ocrx_word' id='word_1_164' title='bbox 193 1763 396 1816; x_wconf 86' lang='lat' dir='ltr'>gestionis</span> <span class='ocrx_word' id='word_1_165' title='bbox 427 1763 550 1804; x_wconf 83' lang='lat' dir='ltr'>factae</span> <span class='ocrx_word' id='word_1_166' title='bbox 573 1763 696 1804; x_wconf 74' lang='lat' dir='ltr'>diotae</span> <span class='ocrx_word' id='word_1_167' title='bbox 729 1764 1015 1804; x_wconf 84' lang='lat' dir='ltr'>Sacrosanctae</span> <span class='ocrx_word' id='word_1_168' title='bbox 1041 1763 1140 1804; x_wconf 84' lang='lat' dir='ltr'>Sedi</span> <span class='ocrx_word' id='word_1_169' title='bbox 1161 1763 1430 1816; x_wconf 86' lang='lat' dir='ltr'>Apostolicae,</span> <span class='ocrx_word' id='word_1_170' title='bbox 1462 1762 1513 1803; x_wconf 90' lang='lat' dir='ltr'>de</span> <span class='ocrx_word' id='word_1_171' title='bbox 1545 1776 1628 1816; x_wconf 89' lang='lat' dir='ltr'>qua</span> <span class='ocrx_word' id='word_1_172' title='bbox 1659 1762 1709 1802; x_wconf 92' lang='lat' dir='ltr'>fit</span> 
     </span>
     <span class='ocr_line' id='line_1_22' title="bbox 194 1827 1708 1883; baseline -0.001 -15"><span class='ocrx_word' id='word_1_173' title='bbox 194 1829 354 1869; x_wconf 88' lang='lat' dir='ltr'>mentio</span> <span class='ocrx_word' id='word_1_174' title='bbox 387 1829 432 1869; x_wconf 88' lang='lat' dir='ltr'>in</span> <span class='ocrx_word' id='word_1_175' title='bbox 466 1829 622 1870; x_wconf 83' lang='lat' dir='ltr'>litteris</span> <span class='ocrx_word' id='word_1_176' title='bbox 653 1830 912 1883; x_wconf 79' lang='lat' dir='ltr'>Apostolicis</span> <span class='ocrx_word' id='word_1_177' title='bbox 934 1829 1191 1877; x_wconf 87' lang='lat' dir='ltr'>memoratis,</span> <span class='ocrx_word' id='word_1_178' title='bbox 1222 1842 1269 1869; x_wconf 90' lang='lat' dir='ltr'>ac</span> <span class='ocrx_word' id='word_1_179' title='bbox 1299 1833 1400 1869; x_wconf 89' lang='lat' dir='ltr'>sunt</span> <span class='ocrx_word' id='word_1_180' title='bbox 1430 1829 1476 1869; x_wconf 89' lang='lat' dir='ltr'>in</span> <span class='ocrx_word' id='word_1_181' title='bbox 1506 1827 1708 1882; x_wconf 73' lang='lat' dir='ltr'>praesenti</span> 
     </span>
     <span class='ocr_line' id='line_1_23' title="bbox 194 1894 1706 1949; baseline -0.001 -13"><span class='ocrx_word' id='word_1_182' title='bbox 194 1895 376 1949; x_wconf 88' lang='lat' dir='ltr'>publica,</span> <span class='ocrx_word' id='word_1_183' title='bbox 407 1896 584 1945; x_wconf 86' lang='lat' dir='ltr'>notoria,</span> <span class='ocrx_word' id='word_1_184' title='bbox 617 1900 658 1937; x_wconf 91' lang='lat' dir='ltr'>et</span> <span class='ocrx_word' id='word_1_185' title='bbox 691 1897 929 1945; x_wconf 83' lang='lat' dir='ltr'>manifesta,</span> <span class='ocrx_word' id='word_1_186' title='bbox 962 1900 1003 1936; x_wconf 88' lang='lat' dir='ltr'>et</span> <span class='ocrx_word' id='word_1_187' title='bbox 1036 1910 1162 1949; x_wconf 87' lang='lat' dir='ltr'>super</span> <span class='ocrx_word' id='word_1_188' title='bbox 1190 1896 1272 1936; x_wconf 89' lang='lat' dir='ltr'>hiis</span> <span class='ocrx_word' id='word_1_189' title='bbox 1305 1896 1350 1935; x_wconf 92' lang='lat' dir='ltr'>in</span> <span class='ocrx_word' id='word_1_190' title='bbox 1381 1900 1522 1936; x_wconf 86' lang='lat' dir='ltr'>vestra</span> <span class='ocrx_word' id='word_1_191' title='bbox 1549 1894 1706 1935; x_wconf 88' lang='lat' dir='ltr'>diocesi</span> 
     </span>
     <span class='ocr_line' id='line_1_24' title="bbox 192 1960 1706 2015; baseline -0.001 -14"><span class='ocrx_word' id='word_1_192' title='bbox 192 1962 357 2002; x_wconf 87' lang='lat' dir='ltr'>laborat</span> <span class='ocrx_word' id='word_1_193' title='bbox 391 1961 563 2015; x_wconf 87' lang='lat' dir='ltr'>publica</span> <span class='ocrx_word' id='word_1_194' title='bbox 598 1976 682 2002; x_wconf 78' lang='lat' dir='ltr'>vox</span> <span class='ocrx_word' id='word_1_195' title='bbox 719 1966 761 2003; x_wconf 90' lang='lat' dir='ltr'>et</span> <span class='ocrx_word' id='word_1_196' title='bbox 801 1963 925 2011; x_wconf 85' lang='lat' dir='ltr'>fama,</span> <span class='ocrx_word' id='word_1_197' title='bbox 962 1966 1010 2001; x_wconf 88' lang='lat' dir='ltr'>ut</span> <span class='ocrx_word' id='word_1_198' title='bbox 1046 1975 1095 2002; x_wconf 91' lang='lat' dir='ltr'>ea</span> <span class='ocrx_word' id='word_1_199' title='bbox 1135 1976 1202 2002; x_wconf 88' lang='lat' dir='ltr'>me</span> <span class='ocrx_word' id='word_1_200' title='bbox 1245 1962 1384 2011; x_wconf 85' lang='lat' dir='ltr'>offero,</span> <span class='ocrx_word' id='word_1_201' title='bbox 1420 1960 1706 2014; x_wconf 85' lang='lat' dir='ltr'>procuratorio</span> 
     </span>
     <span class='ocr_line' id='line_1_25' title="bbox 194 2027 1708 2082; baseline 0 -15"><span class='ocrx_word' id='word_1_202' title='bbox 194 2027 367 2068; x_wconf 88' lang='lat' dir='ltr'>nomine</span> <span class='ocrx_word' id='word_1_203' title='bbox 399 2028 652 2081; x_wconf 87' lang='lat' dir='ltr'>supradicto,</span> <span class='ocrx_word' id='word_1_204' title='bbox 673 2033 799 2082; x_wconf 88' lang='lat' dir='ltr'>prout</span> <span class='ocrx_word' id='word_1_205' title='bbox 821 2032 863 2069; x_wconf 90' lang='lat' dir='ltr'>et</span> <span class='ocrx_word' id='word_1_206' title='bbox 894 2028 1095 2081; x_wconf 88' lang='lat' dir='ltr'>quatinus</span> <span class='ocrx_word' id='word_1_207' title='bbox 1128 2028 1231 2068; x_wconf 89' lang='lat' dir='ltr'>dicti</span> <span class='ocrx_word' id='word_1_208' title='bbox 1263 2027 1465 2081; x_wconf 85' lang='lat' dir='ltr'>Religiosi</span> <span class='ocrx_word' id='word_1_209' title='bbox 1496 2031 1708 2076; x_wconf 87' lang='lat' dir='ltr'>tenentur,</span> 
     </span>
     <span class='ocr_line' id='line_1_26' title="bbox 196 2093 1706 2149; baseline -0.001 -14"><span class='ocrx_word' id='word_1_210' title='bbox 196 2094 430 2135; x_wconf 90' lang='lat' dir='ltr'>secundum</span> <span class='ocrx_word' id='word_1_211' title='bbox 472 2095 725 2148; x_wconf 82' lang='lat' dir='ltr'>qualitatem</span> <span class='ocrx_word' id='word_1_212' title='bbox 765 2095 1092 2149; x_wconf 79' lang='lat' dir='ltr'>praemissormn,</span> <span class='ocrx_word' id='word_1_213' title='bbox 1135 2095 1223 2135; x_wconf 88' lang='lat' dir='ltr'>vim</span> <span class='ocrx_word' id='word_1_214' title='bbox 1276 2099 1317 2135; x_wconf 92' lang='lat' dir='ltr'>et</span> <span class='ocrx_word' id='word_1_215' title='bbox 1359 2094 1540 2135; x_wconf 83' lang='lat' dir='ltr'>formam</span> <span class='ocrx_word' id='word_1_216' title='bbox 1570 2093 1706 2134; x_wconf 88' lang='lat' dir='ltr'>litter-</span> 
     </span>
     <span class='ocr_line' id='line_1_27' title="bbox 196 2160 1706 2215; baseline -0.001 -15"><span class='ocrx_word' id='word_1_217' title='bbox 196 2174 316 2200; x_wconf 86' lang='lat' dir='ltr'>arum</span> <span class='ocrx_word' id='word_1_218' title='bbox 333 2161 676 2214; x_wconf 87' lang='lat' dir='ltr'>Apostolicarum</span> <span class='ocrx_word' id='word_1_219' title='bbox 693 2161 1004 2215; x_wconf 59' lang='lat' dir='ltr'>praedictarum,</span> <span class='ocrx_word' id='word_1_220' title='bbox 1021 2161 1210 2215; x_wconf 81' lang='lat' dir='ltr'>legitime</span> <span class='ocrx_word' id='word_1_221' title='bbox 1227 2161 1514 2214; x_wconf 84' lang='lat' dir='ltr'>probaturum.</span> <span class='ocrx_word' id='word_1_222' title='bbox 1568 2160 1706 2209; x_wconf 78' lang='lat' dir='ltr'>Quare</span> 
     </span>
     <span class='ocr_line' id='line_1_28' title="bbox 196 2226 1706 2281; baseline -0.001 -14"><span class='ocrx_word' id='word_1_223' title='bbox 196 2230 305 2280; x_wconf 89' lang='lat' dir='ltr'>peto,</span> <span class='ocrx_word' id='word_1_224' title='bbox 355 2227 526 2268; x_wconf 88' lang='lat' dir='ltr'>nomine</span> <span class='ocrx_word' id='word_1_225' title='bbox 569 2242 653 2281; x_wconf 90' lang='lat' dir='ltr'>quo</span> <span class='ocrx_word' id='word_1_226' title='bbox 696 2241 835 2281; x_wconf 88' lang='lat' dir='ltr'>supra,</span> <span class='ocrx_word' id='word_1_227' title='bbox 880 2227 1067 2281; x_wconf 88' lang='lat' dir='ltr'>probatis</span> <span class='ocrx_word' id='word_1_228' title='bbox 1110 2227 1157 2267; x_wconf 92' lang='lat' dir='ltr'>in</span> <span class='ocrx_word' id='word_1_229' title='bbox 1198 2227 1278 2267; x_wconf 90' lang='lat' dir='ltr'>hoc</span> <span class='ocrx_word' id='word_1_230' title='bbox 1325 2240 1425 2267; x_wconf 89' lang='lat' dir='ltr'>casu</span> <span class='ocrx_word' id='word_1_231' title='bbox 1466 2226 1706 2279; x_wconf 83' lang='lat' dir='ltr'>probandis,</span> 
     </span>
     <span class='ocr_line' id='line_1_29' title="bbox 197 2291 1708 2347; baseline -0.001 -15"><span class='ocrx_word' id='word_1_232' title='bbox 197 2307 282 2342; x_wconf 83' lang='grc'>0011,</span> <span class='ocrx_word' id='word_1_233' title='bbox 329 2293 480 2346; x_wconf 87' lang='lat' dir='ltr'>quavis</span> <span class='ocrx_word' id='word_1_234' title='bbox 521 2294 592 2334; x_wconf 89' lang='lat' dir='ltr'>via</span> <span class='ocrx_word' id='word_1_235' title='bbox 639 2294 750 2347; x_wconf 82' lang='lat' dir='ltr'>juris</span> <span class='ocrx_word' id='word_1_236' title='bbox 802 2307 896 2347; x_wconf 84' lang='lat' dir='ltr'>quae</span> <span class='ocrx_word' id='word_1_237' title='bbox 944 2294 990 2333; x_wconf 90' lang='lat' dir='ltr'>in</span> <span class='ocrx_word' id='word_1_238' title='bbox 1039 2293 1119 2334; x_wconf 90' lang='lat' dir='ltr'>hoc</span> <span class='ocrx_word' id='word_1_239' title='bbox 1170 2306 1270 2333; x_wconf 90' lang='lat' dir='ltr'>casu</span> <span class='ocrx_word' id='word_1_240' title='bbox 1316 2292 1506 2333; x_wconf 88' lang='lat' dir='ltr'>sufficere</span> <span class='ocrx_word' id='word_1_241' title='bbox 1557 2291 1708 2332; x_wconf 87' lang='lat' dir='ltr'>debeat</span> 
     </span>
     <span class='ocr_line' id='line_1_30' title="bbox 197 2357 1705 2413; baseline -0.001 -15"><span class='ocrx_word' id='word_1_242' title='bbox 197 2363 270 2398; x_wconf 87' lang='lat' dir='ltr'>aut</span> <span class='ocrx_word' id='word_1_243' title='bbox 298 2359 464 2412; x_wconf 86' lang='lat' dir='ltr'>poterit,</span> <span class='ocrx_word' id='word_1_244' title='bbox 497 2359 674 2400; x_wconf 86' lang='lat' dir='ltr'>detectis</span> <span class='ocrx_word' id='word_1_245' title='bbox 717 2373 792 2400; x_wconf 90' lang='lat' dir='ltr'>seu</span> <span class='ocrx_word' id='word_1_246' title='bbox 823 2359 1058 2409; x_wconf 82' lang='lat' dir='ltr'>declaratis,</span> <span class='ocrx_word' id='word_1_247' title='bbox 1090 2359 1203 2413; x_wconf 90' lang='lat' dir='ltr'>quod</span> <span class='ocrx_word' id='word_1_248' title='bbox 1238 2359 1482 2412; x_wconf 80' lang='lat' dir='ltr'>praedictam</span> <span class='ocrx_word' id='word_1_249' title='bbox 1520 2357 1617 2398; x_wconf 90' lang='lat' dir='ltr'>eccl.</span> <span class='ocrx_word' id='word_1_250' title='bbox 1655 2357 1705 2397; x_wconf 87' lang='lat' dir='ltr'>de</span> 
     </span>
     <span class='ocr_line' id='line_1_31' title="bbox 198 2423 1704 2479; baseline -0.002 -14"><span class='ocrx_word' id='word_1_251' title='bbox 198 2425 379 2474; x_wconf 85' lang='lat' dir='ltr'>Semara,</span> <span class='ocrx_word' id='word_1_252' title='bbox 411 2439 507 2466; x_wconf 89' lang='grc'>011111</span> <span class='ocrx_word' id='word_1_253' title='bbox 540 2426 736 2466; x_wconf 91' lang='lat' dir='ltr'>omnibus</span> <span class='ocrx_word' id='word_1_254' title='bbox 774 2426 941 2479; x_wconf 86' lang='lat' dir='ltr'>juribus</span> <span class='ocrx_word' id='word_1_255' title='bbox 974 2429 1016 2466; x_wconf 91' lang='lat' dir='ltr'>et</span> <span class='ocrx_word' id='word_1_256' title='bbox 1046 2429 1148 2478; x_wconf 90' lang='lat' dir='ltr'>pert.</span> <span class='ocrx_word' id='word_1_257' title='bbox 1182 2425 1281 2474; x_wconf 89' lang='lat' dir='ltr'>suis,</span> <span class='ocrx_word' id='word_1_258' title='bbox 1312 2424 1471 2464; x_wconf 87' lang='lat' dir='ltr'>Abbati</span> <span class='ocrx_word' id='word_1_259' title='bbox 1502 2427 1543 2464; x_wconf 92' lang='lat' dir='ltr'>et</span> <span class='ocrx_word' id='word_1_260' title='bbox 1575 2423 1704 2464; x_wconf 87' lang='lat' dir='ltr'>Conv.</span> 
     </span>
     <span class='ocr_line' id='line_1_32' title="bbox 196 2490 1703 2545; baseline -0.001 -15"><span class='ocrx_word' id='word_1_261' title='bbox 196 2492 450 2540; x_wconf 86' lang='lat' dir='ltr'>memoratis,</span> <span class='ocrx_word' id='word_1_262' title='bbox 481 2492 735 2532; x_wconf 85' lang='lat' dir='ltr'>auctoritate</span> <span class='ocrx_word' id='word_1_263' title='bbox 767 2491 1013 2545; x_wconf 89' lang='lat' dir='ltr'>Apostolica</span> <span class='ocrx_word' id='word_1_264' title='bbox 1044 2491 1297 2545; x_wconf 85' lang='lat' dir='ltr'>supradicta,</span> <span class='ocrx_word' id='word_1_265' title='bbox 1318 2504 1392 2544; x_wconf 90' lang='lat' dir='ltr'>per</span> <span class='ocrx_word' id='word_1_266' title='bbox 1428 2504 1497 2531; x_wconf 89' lang='lat' dir='ltr'>eos</span> <span class='ocrx_word' id='word_1_267' title='bbox 1529 2490 1703 2543; x_wconf 86' lang='lat' dir='ltr'>imperp.</span> 
     </span>
     <span class='ocr_line' id='line_1_33' title="bbox 197 2555 1703 2611; baseline -0.001 -15"><span class='ocrx_word' id='word_1_268' title='bbox 197 2558 242 2597; x_wconf 92' lang='lat' dir='ltr'>in</span> <span class='ocrx_word' id='word_1_269' title='bbox 275 2572 376 2598; x_wconf 79' lang='lat' dir='ltr'>usus</span> <span class='ocrx_word' id='word_1_270' title='bbox 413 2556 555 2611; x_wconf 68' lang='lat' dir='ltr'>(149b)</span> <span class='ocrx_word' id='word_1_271' title='bbox 590 2558 777 2611; x_wconf 82' lang='lat' dir='ltr'>proprios</span> <span class='ocrx_word' id='word_1_272' title='bbox 811 2558 1087 2607; x_wconf 88' lang='lat' dir='ltr'>retinendam,</span> <span class='ocrx_word' id='word_1_273' title='bbox 1120 2557 1279 2597; x_wconf 87' lang='lat' dir='ltr'>eisdem</span> <span class='ocrx_word' id='word_1_274' title='bbox 1314 2556 1475 2597; x_wconf 85' lang='lat' dir='ltr'>Abbati</span> <span class='ocrx_word' id='word_1_275' title='bbox 1503 2560 1544 2596; x_wconf 90' lang='lat' dir='ltr'>et</span> <span class='ocrx_word' id='word_1_276' title='bbox 1576 2555 1703 2596; x_wconf 82' lang='lat' dir='ltr'>Conv.</span> 
     </span>
     <span class='ocr_line' id='line_1_34' title="bbox 197 2622 1704 2677; baseline -0.001 -15"><span class='ocrx_word' id='word_1_277' title='bbox 197 2623 498 2664; x_wconf 88' lang='lat' dir='ltr'>nichilominus</span> <span class='ocrx_word' id='word_1_278' title='bbox 539 2624 788 2664; x_wconf 84' lang='lat' dir='ltr'>auctoritate</span> <span class='ocrx_word' id='word_1_279' title='bbox 828 2624 1030 2677; x_wconf 77' lang='lat' dir='ltr'>praedicta</span> <span class='ocrx_word' id='word_1_280' title='bbox 1075 2623 1125 2663; x_wconf 92' lang='lat' dir='ltr'>de</span> <span class='ocrx_word' id='word_1_281' title='bbox 1166 2622 1338 2676; x_wconf 88' lang='lat' dir='ltr'>speciali</span> <span class='ocrx_word' id='word_1_282' title='bbox 1384 2622 1519 2675; x_wconf 85' lang='lat' dir='ltr'>gratia</span> <span class='ocrx_word' id='word_1_283' title='bbox 1559 2634 1704 2661; x_wconf 64' lang='grc' dir='ltr'>00110οή</span> 
     </span>
     <span class='ocr_line' id='line_1_35' title="bbox 198 2686 1704 2742; baseline -0.001 -15"><span class='ocrx_word' id='word_1_284' title='bbox 198 2689 345 2737; x_wconf 84' lang='grc'>(1011(10,</span> <span class='ocrx_word' id='word_1_285' title='bbox 390 2693 439 2729; x_wconf 88' lang='lat' dir='ltr'>ut</span> <span class='ocrx_word' id='word_1_286' title='bbox 491 2689 625 2742; x_wconf 85' lang='lat' dir='ltr'>ipsius</span> <span class='ocrx_word' id='word_1_287' title='bbox 671 2689 859 2730; x_wconf 69' lang='lat' dir='ltr'>ecclesiae</span> <span class='ocrx_word' id='word_1_288' title='bbox 915 2690 1092 2729; x_wconf 85' lang='lat' dir='ltr'>Rectore</span> <span class='ocrx_word' id='word_1_289' title='bbox 1136 2688 1211 2741; x_wconf 89' lang='lat' dir='ltr'>qui</span> <span class='ocrx_word' id='word_1_290' title='bbox 1259 2701 1371 2727; x_wconf 90' lang='lat' dir='ltr'>nunc</span> <span class='ocrx_word' id='word_1_291' title='bbox 1420 2690 1483 2727; x_wconf 90' lang='lat' dir='ltr'>est</span> <span class='ocrx_word' id='word_1_292' title='bbox 1531 2686 1704 2726; x_wconf 89' lang='lat' dir='ltr'>cedente</span> 
     </span>
     <span class='ocr_line' id='line_1_36' title="bbox 197 2752 1704 2809; baseline -0.001 -16"><span class='ocrx_word' id='word_1_293' title='bbox 197 2754 267 2794; x_wconf 84' lang='lat' dir='ltr'>vel</span> <span class='ocrx_word' id='word_1_294' title='bbox 303 2754 430 2794; x_wconf 88' lang='lat' dir='ltr'>etiam</span> <span class='ocrx_word' id='word_1_295' title='bbox 462 2755 702 2805; x_wconf 89' lang='lat' dir='ltr'>decedente,</span> <span class='ocrx_word' id='word_1_296' title='bbox 742 2755 1053 2809; x_wconf 89' lang='lat' dir='ltr'>possessionem</span> <span class='ocrx_word' id='word_1_297' title='bbox 1086 2754 1218 2808; x_wconf 85' lang='lat' dir='ltr'>ejusd.</span> <span class='ocrx_word' id='word_1_298' title='bbox 1256 2753 1352 2794; x_wconf 87' lang='lat' dir='ltr'>eccl.</span> <span class='ocrx_word' id='word_1_299' title='bbox 1391 2752 1704 2806; x_wconf 82' lang='lat' dir='ltr'>apprehendere</span> 
     </span>
     <span class='ocr_line' id='line_1_37' title="bbox 196 2818 1706 2874; baseline -0.001 -16"><span class='ocrx_word' id='word_1_300' title='bbox 196 2819 326 2859; x_wconf 88' lang='lat' dir='ltr'>libere</span> <span class='ocrx_word' id='word_1_301' title='bbox 355 2821 604 2861; x_wconf 86' lang='lat' dir='ltr'>auctoritate</span> <span class='ocrx_word' id='word_1_302' title='bbox 631 2821 800 2874; x_wconf 88' lang='lat' dir='ltr'>propria</span> <span class='ocrx_word' id='word_1_303' title='bbox 833 2821 1014 2869; x_wconf 83' lang='lat' dir='ltr'>valeant,</span> <span class='ocrx_word' id='word_1_304' title='bbox 1048 2824 1089 2860; x_wconf 92' lang='lat' dir='ltr'>et</span> <span class='ocrx_word' id='word_1_305' title='bbox 1121 2833 1213 2860; x_wconf 87' lang='lat' dir='ltr'>eam</span> <span class='ocrx_word' id='word_1_306' title='bbox 1245 2819 1436 2867; x_wconf 87' lang='lat' dir='ltr'>retinere,</span> <span class='ocrx_word' id='word_1_307' title='bbox 1467 2822 1607 2858; x_wconf 78' lang='lat' dir='ltr'>Vestra</span> <span class='ocrx_word' id='word_1_308' title='bbox 1637 2818 1706 2858; x_wconf 93' lang='lat' dir='ltr'>vel</span> 
     </span>
     <span class='ocr_line' id='line_1_38' title="bbox 198 2883 1704 2939; baseline 0 -15"><span class='ocrx_word' id='word_1_309' title='bbox 198 2885 370 2925; x_wconf 85' lang='lat' dir='ltr'>alterius</span> <span class='ocrx_word' id='word_1_310' title='bbox 405 2887 740 2939; x_wconf 86' lang='lat' dir='ltr'>uniuscujusque</span> <span class='ocrx_word' id='word_1_311' title='bbox 779 2886 952 2927; x_wconf 88' lang='lat' dir='ltr'>licentia</span> <span class='ocrx_word' id='word_1_312' title='bbox 994 2885 1169 2925; x_wconf 87' lang='lat' dir='ltr'>minime</span> <span class='ocrx_word' id='word_1_313' title='bbox 1204 2883 1571 2937; x_wconf 85' lang='lat' dir='ltr'>requisita—alias</span> <span class='ocrx_word' id='word_1_314' title='bbox 1608 2884 1704 2937; x_wconf 83' lang='lat' dir='ltr'>jure</span> 
     </span>
     <span class='ocr_line' id='line_1_39' title="bbox 199 2950 1702 3006; baseline -0.001 -15"><span class='ocrx_word' id='word_1_315' title='bbox 199 2956 336 2991; x_wconf 82' lang='lat' dir='ltr'>vestro</span> <span class='ocrx_word' id='word_1_316' title='bbox 354 2957 394 2991; x_wconf 92' lang='lat' dir='ltr'>et</span> <span class='ocrx_word' id='word_1_317' title='bbox 412 2952 639 3004; x_wconf 64' lang='lat' dir='ltr'>cujuslibet</span> <span class='ocrx_word' id='word_1_318' title='bbox 658 2952 830 2992; x_wconf 75' lang='lat' dir='ltr'>alterius</span> <span class='ocrx_word' id='word_1_319' title='bbox 854 2953 896 2991; x_wconf 89' lang='lat' dir='ltr'>in</span> <span class='ocrx_word' id='word_1_320' title='bbox 920 2951 1116 2991; x_wconf 84' lang='lat' dir='ltr'>omnibus</span> <span class='ocrx_word' id='word_1_321' title='bbox 1134 2964 1297 3006; x_wconf 87' lang='lat' dir='ltr'>semper</span> <span class='ocrx_word' id='word_1_322' title='bbox 1313 2950 1533 2991; x_wconf 53' lang='lat' dir='ltr'>salvofflet</span> <span class='ocrx_word' id='word_1_323' title='bbox 1554 2963 1702 2990; x_wconf 84' lang='lat' dir='ltr'>secun-</span> 
     </span>
     <span class='ocr_line' id='line_1_40' title="bbox 861 3024 1034 3070; baseline -0.012 -13"><span class='ocrx_word' id='word_1_324' title='bbox 861 3024 872 3045; x_wconf 92' lang='lat'>1</span> <span class='ocrx_word' id='word_1_325' title='bbox 894 3025 1034 3070; x_wconf 64' lang='lat' dir='ltr'>pot&#39;zcnff.</span> 
     </span>
    </p>
   </div>
  </div>
 </body>
</html>
