1889 3273
287 339 370 379 430
532 350 893 383 CARTULARIUM
920 350 1190 383 ABBATHIAE
1216 351 1280 383 DE
1305 351 1552 383 WHITEBY.

678 519 1001 560 CCCCLXXV.
1035 519 1412 560 HAUKESGARTHE.

344 627 436 679 (76)
469 627 632 667 Notum
669 626 725 667 sit
757 640 866 667 omn.
899 626 951 666 ad
985 640 1090 680 quos
1121 640 1181 680 pr.
1213 640 1288 667 scr.
1325 640 1451 680 perv.³
1482 639 1601 680 praes.
1634 630 1676 666 et
1713 625 1803 674 fut„

284 692 399 746 quod
429 706 514 746 ego,
537 692 796 746 Reginaldus
829 692 879 733 de
912 691 1212 746 Haukesgart‚1
1232 706 1307 746 pro
1330 706 1363 733 a.
1387 706 1491 741 inea,
1515 696 1557 733 et
1578 691 1801 732 animabus

284 762 419 799 antec.
441 771 632 799 meorum
653 763 695 799 et
716 758 812 799 haer.
836 771 1038 807 meorum,
1060 772 1176 800 conc.
1199 762 1241 799 et
1262 758 1372 807 dedi,
1394 761 1435 799 et
1466 758 1545 798 1166
1569 772 1629 811 pr.
1652 771 1685 798 6.
1707 770 1802 797 11166

285 825 406 874 conf„
426 825 472 865 in
503 838 594 878 pur.
618 829 659 865 et
683 838 797 878 perp.
821 824 953 874 616111,
976 824 1149 877 capellae
1173 825 1294 865 Omn.
1319 825 1506 865 S'corum
1528 824 1580 865 de
1603 823 1801 865 Haukes—

282 895 376 945 gart
406 905 537 932 unam
565 905 704 931 acram
726 896 769 932 et
790 891 889 931 dim.
912 891 1000 931 t'rae
1021 891 1067 931 in
1089 891 1266 931 Houflat
1288 905 1434 932 versus
1466 890 1681 940 orientem,
1703 904 1800 931 611111

283 958 493 1012 particulo
529 958 643 1011 quod
679 958 740 998 ibi
776 962 850 1007 est,
884 962 926 998 et
963 971 1061 998 cum
1096 958 1311 1012 mesuagio
1348 962 1391 998 et
1425 958 1533 998 tofto
1569 956 1683 1011 quod
1717 956 1801 996 fuit

285 1024 492 1078 Stephani
523 1025 636 1074 ibid,
659 1025 713 1065 ad
743 1024 1051 1065 inveniendum
1076 1024 1286 1064 luminare
1309 1028 1351 1065 et
1371 1024 1596 1065 missarum
1619 1023 1800 1064 celebra-

284 1090 445 1131 tionem
486 1091 532 1130 in
573 1090 945 1144 solempnitatibus
986 1089 1197 1144 praecelsae
1237 1089 1429 1143 Virginis
1471 1089 1631 1138 Mariae,
1672 1092 1714 1129 et
1755 1088 1799 1128 in

285 1156 433 1197 diebus
466 1156 654 1206 Sabbati,
686 1170 812 1210 super
843 1156 976 1197 altare
1007 1155 1133 1209 praed.
1156 1155 1347 1209 Virginis
1372 1156 1418 1196 in
1450 1155 1575 1209 preed.
1602 1169 1690 1209 cap.
1717 1154 1801 1195 ele-

285 1222 450 1263 mosina
470 1223 595 1276 praed.
615 1222 841 1276 Reginaldi
862 1226 1166 1263 constructum.
1218 1222 1285 1262 De
1307 1222 1432 1276 praed.
1449 1235 1548 1263 vero
1564 1221 1652 1271 t'ra,
1668 1224 1802 1275 111610,

285 1302 398 1338 mes„
439 1293 482 1329 et
520 1289 640 1338 tofto,
681 1302 756 1343 ego
797 1288 1056 1342 Reginaldus
1097 1288 1178 1329 feci
1218 1288 1388 1342 plenam
1430 1288 1634 1329 saisinam
1673 1286 1800 1341 praed.

285 1354 472 1408 capellae,
505 1359 547 1396 et
577 1355 687 1396 hanc
719 1355 836 1396 elem.
871 1368 945 1409 ego
977 1360 1019 1395 61
1054 1355 1151 1395 haer.
1184 1355 1269 1395 mei
1304 1355 1506 1396 debemus
1543 1354 1681 1395 eidem
1712 1367 1800 1407 cap.

284 1420 558 1462 warantizare
581 1425 726 1461 contra
748 1435 857 1461 omn.
880 1421 1084 1462 homines.
1146 1420 1244 1461 Hiis
1275 1421 1467 1462 testibus.
1528 1421 1638 1460 D'no
1659 1419 1801 1460 Adam

286 1486 338 1526 de
361 1486 643 1540 Haukesgart.
705 1486 866 1527 Thoma
887 1486 975 1527 filio
997 1487 1098 1540 ejus.
1159 1487 1189 1527 J
1193 1486 1359 1528 ohanne
1380 1485 1600 1527 Arundel:
1632 1490 1674 1526 et
1695 1485 1801 1527 aliis.

866 1652 1220 1693 CCCCLXXVI.

345 1752 439 1805 (78)
474 1752 596 1792 Omn.
629 1750 790 1792 Christi
822 1749 1019 1791 fidelibus
1052 1764 1111 1804 pr.
1147 1764 1178 1791 6.
1215 1750 1291 1790 vis.
1323 1749 1392 1790 vel
1425 1749 1532 1799 aud„
1564 1749 1799 1790 Nicholaus

284 1818 335 1859 de
377 1816 680 1871 Haukesgart,2
720 1816 835 1856 filius
872 1815 1044 1856 Thomae
1082 1816 1133 1856 de
1170 1816 1456 1869 Haukesgart,
1492 1815 1563 1856 sal.
1597 1815 1644 1855 in
1676 1815 1799 1857 D’no.

287 1884 395 1925 NoV.
418 1883 601 1924 univers.
625 1885 766 1923 vestra
786 1895 854 1922 1116
884 1881 989 1930 ded,
1012 1895 1125 1922 conc.
1148 1885 1190 1922 et
1220 1881 1299 1922 1166
1320 1895 1380 1935 pr.
1404 1895 1435 1922 6.
1458 1895 1553 1922 11166
1583 1882 1703 1930 conf„
1724 1894 1799 1935 pro

288 1963 355 1990 me
386 1953 429 1990 et
459 1949 556 1989 haer.
578 1948 695 1997 meis,
719 1946 936 2000 Stephano
968 1946 1206 1996 Belbarbe‚3
1228 1951 1270 1987 et
1300 1946 1396 1987 haer.
1428 1947 1515 1987 suis
1547 1946 1599 1988 de
1630 1959 1801 2000 corpore

288 2029 364 2056 suo
405 2015 519 2069 legit.
555 2013 797 2068 procreatis,
830 2013 1069 2053 manerium
1108 2027 1252 2053 meum
1294 2013 1345 2054 de
1387 2013 1669 2067 Haukesgart‚
1703 2026 1799 2053 cum

288 2082 484 2122 omnibus
508 2094 602 2134 quae
623 2080 685 2120 ibi
705 2079 837 2120 habui
858 2079 927 2120 vel
948 2079 1102 2119 habere
1124 2079 1257 2132 potui,
1279 2079 1325 2119 in
1347 2079 1496 2120 d'nicis
1528 2083 1570 2120 et
1602 2079 1802 2128 servitiis,

288 2146 530 2200 villenagiis
552 2151 594 2186 et
616 2145 803 2199 cotagiis,
826 2158 922 2185 611111
943 2144 1150 2199 homagiis
1182 2149 1223 2185 et
1254 2145 1439 2186 servitiis
1470 2145 1543 2186 lib.
1565 2144 1800 2194 hominum,

288 2212 459 2253 villanis
482 2215 524 2253 et
545 2225 689 2253 eorum
711 2210 908 2264 sequelis,
929 2215 972 2251 et
992 2211 1261 2260 tenementis,
1282 2210 1520 2252 redditibus
1549 2213 1591 2251 et
1618 2210 1800 2259 releviis,

335 2320 347 2340 ¹
373 2321 436 2353 See
460 2320 525 2353 No.
546 2321 623 2359 220,
646 2319 716 2351 and
740 2322 823 2351 note
847 2322 885 2351 16
910 2319 940 2351 11
959 2321 1054 2359 (11016
1078 2321 1109 2358 9,
1127 2330 1159 2361 p.
1184 2320 1273 2359 179).
1324 2318 1495 2362 Reginald
1520 2318 1549 2350 is
1574 2318 1749 2362 grandson
1766 2320 1802 2351 of

288 2376 457 2408 Aschetin
475 2376 518 2407 (16
536 2375 795 2418 Haukesgarth‚
814 2375 875 2407 the
900 2375 1027 2407 author
1052 2375 1087 2406 of
1111 2375 1192 2406 that
1216 2375 1413 2413 document,
1432 2374 1584 2416 through
1601 2374 1656 2406 his
1673 2375 1801 2407 second

287 2442 348 2463 son
367 2432 489 2474 Roger.
533 2431 598 2463 No.
619 2432 686 2464 200
704 2430 843 2462 records
860 2430 920 2462 the
937 2430 1097 2473 building
1114 2430 1150 2462 of
1167 2430 1341 2462 Hawsker
1358 2429 1490 2471 Chapel
1505 2429 1718 2471 :—possibly
1734 2441 1799 2462 one

287 2487 401 2529 might
421 2498 483 2528 say
500 2486 651 2518 without
677 2486 808 2519 serious
825 2496 929 2523 error,
949 2485 1011 2517 the
1036 2485 1213 2528 replacing
1237 2485 1273 2517 of
1298 2496 1317 2516 a
1343 2485 1463 2526 chapel
1480 2484 1595 2516 which
1620 2484 1690 2516 had
1716 2496 1800 2518 once

287 2542 422 2574 existed
445 2542 554 2580 there,
582 2541 648 2573 but
675 2541 747 2573 had
776 2540 896 2572 ceased
924 2543 962 2572 10
991 2541 1079 2572 have.
1107 2540 1212 2583 being
1240 2540 1333 2572 since
1361 2539 1423 2572 the
1450 2539 1644 2571 desolation
1674 2540 1710 2571 of
1737 2540 1799 2572 the

287 2596 424 2628 district
448 2596 497 2638 by
514 2597 575 2628 the
592 2597 717 2628 Danes.
771 2596 882 2627 There
899 2595 928 2627 is
946 2595 1020 2627 still
1037 2595 1202 2638 standing
1221 2595 1257 2627 in
1274 2595 1335 2627 the
1351 2595 1446 2627 front
1463 2595 1499 2626 of
1523 2594 1698 2626 Hawsker
1714 2595 1798 2626 Hau

287 2663 307 2683 a
324 2651 546 2693 remarkably
564 2650 631 2682 fine
657 2650 833 2683 A.-Saxon
859 2651 1073 2690 cross-shaft,
1094 2662 1132 2683 or
1156 2651 1241 2690 stele,
1259 2650 1329 2682 and
1352 2650 1388 2681 in
1413 2650 1459 2681 all
1483 2649 1696 2691 probability
1714 2650 1744 2682 it
1768 2650 1797 2682 is

286 2706 360 2737 still
376 2707 411 2737 in
428 2707 502 2745 sim,
522 2705 591 2736 and
615 2716 730 2737 serves
754 2708 791 2736 to
816 2705 917 2736 mark
939 2705 1000 2736 the
1018 2705 1166 2747 vicinity
1188 2704 1224 2737 of
1248 2705 1308 2736 the
1334 2704 1582 2745 Haukesgarth
1607 2704 1737 2746 Chapel
1762 2705 1799 2736 of

287 2759 463 2792 Ascatin's
487 2759 649 2800 erection,
676 2770 712 2791 as
737 2759 817 2791 that
835 2762 926 2791 most
943 2759 1053 2801 likely
1071 2770 1143 2791 was
1161 2770 1205 2791 on
1222 2770 1260 2791 or
1277 2770 1361 2790 near
1382 2758 1443 2790 the
1460 2759 1526 2790 site
1544 2759 1580 2790 of
1603 2758 1650 2791 its
1666 2759 1796 2802 Anglo-

289 2817 404 2849 Saxon
420 2815 649 2858 predecessor.
700 2816 736 2847 It
752 2815 824 2846 will
841 2815 883 2847 be
901 2815 1070 2847 observed
1086 2815 1166 2847 that
1182 2814 1243 2846 the
1261 2813 1383 2855 chapel
1403 2813 1499 2845 itself
1523 2824 1595 2845 was
1612 2813 1796 2847 dedicated

286 2875 323 2904 10
341 2871 401 2903 All
418 2870 644 2903 Saints-the
670 2870 760 2902 altar
783 2870 895 2902 raised
920 2870 955 2901 in
981 2870 1020 2909 it,
1041 2880 1076 2902 as
1101 2869 1227 2901 named
1251 2868 1287 2900 in
1311 2868 1373 2900 the
1397 2870 1537 2910 present
1555 2868 1654 2908 deed,
1671 2869 1719 2911 by
1735 2869 1797 2902 the

287 2926 513 2959 munificence
531 2925 566 2957 of
582 2924 642 2956 the
660 2924 836 2956 founder's
853 2924 1037 2967 grandson,
1057 2935 1128 2956 was
1146 2927 1183 2956 to
1200 2923 1261 2956 the
1278 2923 1412 2955 honour
1431 2923 1467 2955 of
1482 2923 1543 2955 the
1561 2923 1695 2966 Virgin.

336 2981 349 3002 2
375 2981 437 3013 See
454 2980 517 3012 No.
538 2981 616 3018 220,
637 2979 706 3011 and
724 2982 806 3011 note
822 2982 859 3011 to
877 2979 913 3010 it.
1247 2976 1261 2998 3
1286 2978 1348 3010 See
1366 2980 1449 3010 next
1466 2978 1562 3017 deed,
1582 2978 1646 3011 No.
1667 2978 1746 3013 477.
