1889 3221
368 359 729 393 GARTULARIUM
755 360 1026 394 ABBATHIAE
1051 362 1115 394 DE
1140 363 1387 397 WHITEBY.
1549 358 1625 395 631

117 471 318 522 tempora,
340 469 483 510 minus
503 469 731 522 providens
752 470 798 510 in
819 484 906 511 suae
936 471 1154 525 religionis
1175 472 1436 522 scandalum,
1458 487 1632 515 conver-

118 537 246 576 satus.
322 534 431 576 Cum
462 535 593 589 igitur
622 535 737 576 idem
768 536 899 577 frater
929 536 1123 587 Thomas,
1155 538 1302 579 divina
1332 542 1382 580 ut
1413 553 1631 593 speramus

116 600 253 653 gratia
282 600 527 654 inspiratus,
547 600 734 642 labentis
765 602 910 642 saeculi
934 602 1172 644 vanitatem
1203 605 1483 658 conspiciens,
1504 610 1547 647 et
1577 606 1632 647 ad

116 679 192 707 nos
205 666 252 706 in
265 666 419 721 spiritu
434 666 692 708 humilitatis
708 667 888 718 rediens,
905 668 958 709 ad
971 668 1106 710 instar
1120 669 1199 710 filii
1215 671 1381 725 prodigi
1397 672 1450 713 ad
1466 677 1632 726 patrem

116 732 284 782 reversi,
304 733 527 786 profundis
549 733 744 787 suspiriis
766 737 809 775 et
830 733 1067 775 lacrimosis
1090 735 1349 790 singultibus
1371 737 1425 778 ad
1446 752 1522 779 nos
1544 752 1631 779 non

116 799 344 840 cessaverit
380 799 598 840 clamitare
638 802 687 839 ut
722 800 865 853 ipsum
901 804 1109 854 tanquam
1149 816 1285 843 unum
1322 803 1373 844 de
1413 804 1630 858 religionis

115 877 202 905 suae
232 865 503 906 mercenariis
539 864 898 907 faciamus—Nos
931 866 1137 918 volentes,
1162 868 1290 922 juxta
1325 870 1628 924 Evangelicam

114 930 348 981 veritatem,
377 945 554 972 accensa
583 931 758 972 lucerna
788 931 1101 983 misericordiae,
1132 934 1351 989 dragmam
1382 936 1630 989 praedictam

113 996 319 1047 invenire,
341 1011 549 1051 ovemque
570 1001 781 1039 errantem
809 999 966 1040 nostris
994 999 1184 1041 humeris
1207 1005 1431 1054 reportare,
1453 1003 1629 1056 praedic—

113 1066 207 1102 tum
236 1063 411 1104 fratrem
442 1063 661 1113 Thomam,
690 1077 766 1117 pro
799 1077 847 1104 eo
869 1064 983 1118 quod
1014 1065 1127 1106 inter
1156 1080 1233 1107 vos
1254 1067 1398 1121 vigere
1429 1068 1628 1109 novimus

114 1128 353 1170 devotionis
384 1129 592 1171 servorem
621 1133 665 1171 et
684 1130 903 1184 religionis
934 1131 1214 1182 honestatem,
1238 1133 1292 1174 ad
1317 1148 1393 1175 vos
1425 1135 1627 1176 duximus

111 1195 427 1246 destinandum,
463 1196 735 1237 devotionem
764 1201 950 1238 vestram
983 1199 1247 1252 requirentes
1279 1203 1321 1241 et
1357 1204 1545 1243 ortantes
1580 1201 1627 1241 in

112 1261 346 1303 visceribus
367 1262 557 1304 caritatis
585 1263 789 1317 quatinus
820 1263 963 1317 ipsum
985 1264 1079 1319 (94)
1101 1265 1284 1320 benigne
1314 1267 1552 1308 admittatis
1584 1271 1627 1308 et

112 1328 298 1370 fraterna
328 1329 503 1370 caritate
534 1330 741 1380 tractetis,
771 1334 821 1371 ut
843 1331 996 1372 saltem
1026 1346 1102 1386 per
1131 1332 1361 1373 dimidium
1387 1347 1548 1374 annum
1578 1334 1624 1374 in

112 1398 202 1435 tam
218 1395 396 1437 honesto
414 1400 456 1437 et
472 1396 667 1450 religioso
685 1397 863 1453 collegio
880 1402 1153 1439 conversatus
1171 1399 1225 1439 ad
1240 1399 1480 1440 tollendum
1497 1413 1625 1454 super

112 1474 157 1501 se
188 1461 341 1515 jugum
371 1462 474 1502 D’ni
504 1462 733 1504 salubriter
762 1463 905 1504 valeat
936 1464 1106 1513 erudiri,
1136 1473 1300 1518 nosque
1336 1465 1625 1519 postmodum,

111 1531 329 1568 annuente
344 1528 468 1577 D'no,
483 1528 696 1581 possimus
718 1529 769 1570 de
791 1529 926 1583 ipsius
948 1534 1063 1570 statu
1086 1530 1210 1571 aliter
1230 1531 1432 1573 ordinare.
1480 1532 1624 1572 Poeni—

112 1593 293 1634 tentiam
313 1607 412 1635 vero
435 1607 575 1647 quam,
597 1594 700 1635 dum
721 1595 834 1636 inter
853 1609 928 1637 vos
950 1609 1113 1636 moram
1133 1596 1293 1646 fecerit,
1315 1597 1398 1638 sibi
1419 1597 1624 1639 duximus

110 1658 419 1713 injungendam
441 1660 480 1701 ei
500 1660 742 1702 dimisimus
762 1661 810 1702 in
830 1662 1016 1716 quadam
1041 1662 1214 1703 scedula
1243 1663 1478 1714 indentata,
1500 1665 1622 1718 cujus

110 1725 287 1766 alteram
308 1726 428 1767 vobis
449 1726 665 1768 mittimus
695 1728 978 1781 praesentibus
999 1728 1223 1778 inclusam,
1244 1733 1294 1770 ut
1325 1730 1454 1780 Prior,
1482 1731 1554 1772 vel
1582 1732 1620 1772 is

109 1791 185 1845 qui
207 1791 449 1833 Conventui
478 1806 555 1846 pro
585 1797 775 1847 tempore
805 1794 1063 1848 praesidebit,
1094 1795 1241 1836 sedulo
1272 1796 1372 1837 inde
1403 1796 1547 1838 videat
1579 1803 1623 1839 et

108 1858 304 1899 attendat
334 1858 448 1913 quod
478 1859 619 1900 dictus
651 1860 780 1901 frater
810 1860 993 1902 Thomas
1024 1861 1265 1914 injunctam
1294 1861 1378 1902 sibi
1408 1863 1622 1916 poeniten-

95 1924 212 1971 ‚tiam
262 1929 436 1979 peragat
485 1925 708 1967 humiliter
747 1940 796 1967 ac
842 1926 1004 1968 devote.
1045 1927 1210 1969 Valete.
1290 1928 1456 1969 Datum
1506 1929 1621 1983 apud

107 1991 290 2032 Parcum
312 1991 482 2046 Helagh
502 1991 552 2032 iii
574 1992 679 2033 Idus
701 1993 977 2047 Septembris,
999 1993 1158 2036 Pontif.
1181 1994 1317 2035 nostri
1337 1994 1397 2035 ΑΟ
1417 1994 1525 2037 iiii‘0.

164 2057 470 2099 Poenitentiam
491 2058 634 2099 fratris
656 2059 829 2100 Thomae
859 2059 912 2101 de
942 2059 1177 2101 Schirburn
1207 2060 1418 2110 monachi,
1439 2060 1540 2101 dum
1573 2061 1619 2101 in

106 2123 333 2164 Monast'io
355 2124 406 2165 de
427 2124 633 2178 Whiteby
654 2139 817 2166 moram
839 2126 999 2176 fecerit,
1019 2126 1164 2167 taliter
1185 2126 1388 2168 duximus
1420 2127 1620 2167 ordinan-

105 2189 215 2232 dam.
276 2191 331 2230 In
361 2190 509 2244 primis
544 2191 758 2244 siquidem
794 2192 933 2232 eidem
969 2192 1239 2245 injunximus
1271 2193 1385 2245 quod,
1414 2197 1620 2246 sequatur

105 2256 374 2297 Conventum
395 2260 486 2296 tam
506 2256 553 2297 in
574 2257 700 2298 choro
722 2271 849 2311 quam
873 2258 917 2297 in
939 2257 1136 2306 claustro,
1153 2258 1376 2298 refectorio
1398 2263 1441 2299 et
1462 2259 1619 2299 dormi-

103 2320 226 2370 torio,
260 2321 402 2375 sitque
436 2322 484 2361 in
519 2322 636 2362 omni
671 2323 805 2376 gradu
839 2323 1019 2363 ultimus
1055 2323 1101 2362 in
1133 2323 1371 2364 Conventu.
1434 2324 1558 2374 Item,
1595 2339 1620 2365 a

104 2385 387 2428 celebratione
408 2387 652 2428 divinorum
673 2392 716 2428 et
737 2402 761 2429 a
783 2389 976 2442 quolibet
996 2389 1142 2429 altaris
1163 2389 1403 2430 ministerio
1425 2390 1618 2431 totaliter

102 2452 161 2493 sit
192 2465 423 2506 suspensus
438 2469 448 2504 ;
479 2453 661 2507 singulis
692 2454 937 2495 ebdomadis
965 2455 1231 2504 Praesidenti‚
1252 2455 1330 2505 vel,
1343 2455 1382 2496 ei
1410 2469 1537 2510 quem
1565 2457 1619 2498 ad

102 2519 182 2559 hoc
203 2519 441 2560 Praesidens
473 2519 752 2573 deputaverit,
774 2520 839 2561 bis
861 2521 1014 2562 saltem
1043 2525 1218 2575 peccata
1248 2534 1326 2562 sua
1356 2523 1620 2574 confiteatur,

104 2585 351 2639 eisdemque
380 2585 548 2626 vicibus
583 2586 809 2627 humiliter
844 2587 896 2627 ab
933 2587 1081 2628 eodem
1116 2587 1296 2641 recipiat
1332 2587 1617 2642 disciplinam.

104 2650 229 2700 Item,
245 2651 437 2705 quolibet
453 2652 521 2693 die
538 2655 702 2706 septem
722 2652 909 2706 psalmos
930 2653 1249 2707 poenitentiales
1266 2667 1364 2695 cum
1379 2655 1618 2696 reverentia

103 2729 245 2757 coram
279 2717 424 2771 aliquo
454 2717 578 2759 altari
608 2717 655 2758 in
686 2718 864 2760 ecclesia
897 2723 1135 2773 prostratus
1171 2719 1287 2760 dicat
1321 2719 1546 2761 humiliter
1576 2725 1620 2761 et

103 2782 266 2825 devote.
327 2784 451 2834 Item,
472 2783 665 2837 qualibet
686 2785 926 2838 septimana
955 2785 1038 2826 duo
1069 2785 1271 2839 psalteria
1301 2785 1425 2827 dicat.
1488 2786 1620 2827 Omni

102 2853 256 2902 quarta
276 2850 382 2891 feria
398 2850 577 2904 jejunet,
598 2864 622 2891 a
642 2850 871 2892 lacticiniis
893 2854 935 2892 et
954 2851 1039 2893 hiis
1061 2865 1156 2905 quae
1178 2852 1460 2893 sementinam
1482 2852 1621 2893 carnis

101 2914 278 2955 trahunt
299 2916 506 2970 originem
526 2916 698 2970 penitus
719 2917 984 2959 abstinendo.
1045 2918 1175 2959 Omni
1196 2918 1326 2959 etiam
1348 2918 1416 2959 die
1436 2918 1618 2960 Veneris

98 2980 346 3034 jejunando,
365 2996 487 3036 pane,
508 2982 711 3025 cerevisia
732 2987 774 3025 et
794 2983 1084 3038 leguminibus
1105 2984 1402 3026 tantummodo
1431 2984 1488 3025 sit
1518 2997 1618 3024 con-
