1889 3221
377 387 740 421 CARTULARIUM
766 387 1036 419 ABBATHIAE
1062 387 1127 419 DE
1152 387 1399 420 WHITEBY.
1567 380 1644 417 481

132 498 261 539 fuerit
282 502 324 539 et
345 511 522 546 annexa,
540 502 582 538 et
608 496 761 537 Custos
784 501 826 537 et
847 497 996 537 vicarii
1018 496 1182 537 fructus
1205 496 1336 550 ejusd.
1360 496 1456 537 eccl.
1478 496 1652 550 pacifice

133 563 412 618 perceperint,
434 562 487 603 ad
509 562 536 603 f.
561 562 599 603 S.
624 561 804 602 Martini
825 562 871 602 in
890 576 1013 615 yeme
1044 561 1223 616 singulis
1255 561 1378 602 annis
1408 561 1651 615 persolvent

132 629 246 683 apud
276 630 413 678 Ebor.‚
434 642 509 682 per
530 628 666 669 nostri
696 628 899 682 praecepti
930 628 1078 669 s'mam
1109 628 1471 681 condempnemus
1499 628 1545 668 in
1566 627 1649 668 hiis

133 695 315 749 scriptis.
377 695 430 735 In
462 708 643 748 quorum
676 694 869 735 omnium
904 698 999 735 test.
1031 694 1106 747 sig.
1137 698 1332 734 nostrum
1367 694 1649 747 praesentibus

132 761 417 815 apposuimus.
477 761 641 801 Datum
664 760 801 814 quoad
823 760 1126 813 appensionem
1147 760 1219 814 sig.
1242 760 1376 800 nostri
1398 759 1559 801 decimo
1582 760 1649 800 die

132 827 290 868 mensis
311 827 340 868 J
345 827 436 867 unii
459 826 564 868 A.D.
588 826 842 880 supradicto.

776 981 1004 1022 DXLVII.

194 1073 371 1115 Constet
411 1073 609 1114 omnibus
650 1073 876 1114 manifeste
918 1073 1030 1127 quod
1072 1073 1251 1114 ecclesia
1286 1073 1337 1115 de
1381 1073 1651 1128 Skirpenbek

133 1140 295 1181 Abbati
331 1144 374 1181 et
411 1140 542 1181 Conv.
577 1140 628 1180 de
663 1140 847 1194 Whitby
883 1143 948 1180 est
989 1143 1162 1180 onerata
1197 1140 1243 1179 in
1284 1140 1469 1193 quadam
1510 1153 1653 1180 annua

133 1207 340 1261 pensione
375 1206 502 1247 unius
535 1220 687 1247 marcae
724 1206 902 1260 argenti,
934 1210 977 1247 et
1009 1205 1055 1246 in
1091 1205 1358 1260 possessione
1389 1205 1653 1260 percipiendi

135 1272 315 1313 eandem
347 1273 565 1327 recognita
595 1286 671 1326 per
707 1272 921 1326 quendam
951 1272 1193 1313 Walterum
1230 1272 1282 1313 de
1316 1272 1652 1326 Bridelingtona‚

134 1344 237 1380 tunc
260 1340 485 1380 Rectorem
506 1338 709 1392 ejusdem,
730 1352 805 1392 per
824 1338 1164 1379 instrumentum
1184 1339 1417 1392 publicum.

195 1421 337 1462 Simili
368 1421 493 1462 modo
521 1421 714 1463 Ecclesia
736 1421 787 1462 de
820 1421 1081 1475 Slengeseby
1103 1424 1166 1462 est
1198 1425 1372 1462 onerata
1392 1422 1438 1462 in
1469 1422 1652 1475 quadam

137 1501 279 1528 annua
329 1487 534 1541 pensione
585 1487 712 1528 unius
762 1501 916 1528 marcae
967 1487 1133 1540 argenti
1192 1501 1268 1540 per
1316 1487 1653 1529 instrumentum

136 1554 357 1607 publicum
392 1567 468 1607 per
499 1567 652 1594 manus
689 1554 889 1608 Magistri
920 1553 1122 1594 Nicholai
1159 1553 1210 1594 de
1239 1554 1405 1607 Feriby‚
1437 1554 1653 1607 quondam

138 1620 329 1660 Rectoris
352 1620 555 1673 ejusdem,
569 1624 611 1660 et
627 1633 701 1673 per
717 1619 931 1672 quendam
946 1619 1152 1659 Thomam
1171 1619 1222 1660 de
1240 1620 1412 1674 Riseby,
1431 1620 1651 1661 Rectorem
1713 1614 1716 1617 ¹

139 1685 331 1739 ejusdem
353 1685 551 1727 ecclesiae.

197 1769 309 1809 Item
342 1769 481 1822 portio
514 1767 713 1822 Magistri
747 1768 776 1809 J
779 1767 959 1808 ohannis
982 1767 1034 1808 de
1057 1767 1268 1816 Clifforth,
1302 1767 1494 1808 Rectoris
1525 1767 1654 1809 unius

136 1834 343 1888 portionis
361 1833 458 1875 eccl.
477 1833 529 1874 de
546 1833 694 1874 Hoton
712 1833 892 1882 Bussell,
909 1838 973 1874 est
994 1833 1264 1887 pensionaria
1281 1833 1408 1874 dictis
1431 1833 1654 1887 Religiosis

137 1900 183 1940 in
206 1914 264 1940 xx
288 1899 359 1941 sol.
376 1900 552 1953 argenti,
565 1899 611 1939 in
629 1913 714 1953 qua
731 1898 906 1952 quidem
923 1899 1126 1952 pensione
1143 1899 1290 1940 extitit
1305 1899 1655 1953 condempnatus,

139 1971 188 2007 ut
208 1970 328 2019 patet
348 1979 423 2019 per
444 1965 779 2006 instrumentum
800 1965 1024 2019 publicum
1044 1964 1146 2006 inde
1168 1965 1420 2006 confectum.

199 2050 311 2090 Item
333 2049 465 2090 altera
486 2049 625 2103 portio
648 2048 840 2102 ejusdem
862 2048 1060 2090 ecclesiae.

199 2132 310 2173 Item
337 2132 485 2186 pensio
507 2146 649 2172 annua
670 2131 862 2172 dimidiae
883 2132 1042 2172 markae
1072 2131 1123 2172 de
1145 2131 1243 2173 eccl.
1265 2132 1318 2172 de
1342 2132 1498 2172 Sutton
1530 2145 1657 2185 super

140 2199 356 2248 Derwent‚
379 2199 504 2239 dictis
533 2198 759 2252 Religiosis
781 2198 934 2247 debita,
957 2202 1022 2239 est
1053 2201 1302 2252 recuperata
1330 2212 1405 2251 per
1430 2198 1656 2252 judicium,

141 2268 190 2304 ut
210 2268 329 2318 patet
350 2265 395 2304 in
417 2265 543 2305 tertio
565 2264 667 2305 folio
688 2264 817 2317 hujus
839 2263 939 2304 libri
960 2264 1081 2305 infra.

242 2437 494 2479 DXLVIII.
527 2437 650 2491 (144)
681 2437 1031 2477 ADVOCATIONEM
1053 2447 1270 2477 ECCLESIAE
1292 2447 1347 2476 DE
1370 2437 1552 2478 SUTTON.

203 2544 309 2585 Haec
330 2543 571 2592 indentura‚
585 2544 699 2584 facta
719 2543 831 2583 inter
852 2544 1088 2597 Religiosos
1106 2544 1229 2593 viros,
1246 2544 1460 2584 Abbatem
1483 2548 1525 2585 et
1547 2544 1657 2585 Con-

144 2614 323 2651 ventum
342 2609 393 2651 de
410 2609 629 2662 Whiteby,
647 2623 699 2650 ex
721 2614 835 2663 parte
852 2623 951 2658 una,
967 2614 1010 2650 et
1030 2611 1059 2651 J
1064 2609 1275 2650 ohannem
1292 2610 1430 2650 filium
1446 2610 1657 2652 Willelmi

145 2676 197 2716 de
231 2675 455 2728 Moubray,
487 2689 539 2716 ex
576 2675 718 2724 altera,
755 2679 937 2716 testatur
970 2675 1084 2728 quod
1120 2675 1225 2716 dicti
1256 2676 1402 2716 Abbas
1437 2681 1479 2717 et
1513 2676 1658 2726 Coma,

145 2741 342 2781 unanimi
372 2755 548 2782 assensu
579 2746 621 2782 et
652 2755 873 2789 consensu,
894 2755 969 2794 pro
1001 2741 1282 2795 quadraginta
1312 2742 1464 2783 marcis
1496 2743 1657 2784 eisdem

146 2820 222 2860 per
242 2807 406 2847 dictum
427 2807 456 2847 J
459 2807 671 2847 ohannem
691 2807 737 2846 in
754 2806 941 2846 maxima
957 2807 1223 2857 necessitate,
1240 2811 1282 2848 et
1302 2821 1378 2861 pro
1401 2807 1657 2849 relevatione

149 2872 273 2912 dictae
295 2872 445 2913 domus
467 2886 566 2921 suae,
587 2886 673 2926 pree
698 2873 896 2913 manibus
918 2872 1156 2925 persolutis,
1173 2879 1475 2914 concesserunt
1497 2878 1539 2914 et
1561 2888 1657 2915 con-

148 2938 424 2979 firmaverunt
464 2938 639 2991 praefato
680 2939 709 2979 J
712 2939 871 2978 ohanni
913 2938 1235 2980 advocationem
1272 2939 1370 2980 eccl.
1408 2940 1460 2981 de
1502 2940 1658 2981 Sutton

148 3017 276 3058 super
310 3004 527 3054 Derwent,
563 3018 660 3045 cum
694 3005 1057 3058 pe1·t.—Habend.
1093 3010 1135 3046 et
1166 3010 1250 3046 ten.
1285 3005 1422 3047 eidem
1456 3005 1485 3047 J
1488 3006 1657 3056 ohanni,
