1889 3221
242 322 323 361 670
477 333 839 368 CARTULARIUM
864 333 1135 365 ABBATHIAE
1162 333 1225 365 DE
1249 333 1498 366 WHITEBY.

237 442 360 491 tavit,
381 446 425 483 et
444 441 490 482 in
512 442 716 483 damnum
740 442 927 483 ecclesiae
950 457 1036 483 non
1064 443 1279 483 modicum
1309 443 1594 496 comparavit3
1625 456 1752 496 quam

237 508 347 561 plus,
360 512 410 549 ut
430 508 593 549 dictum
615 513 691 558 est,
708 509 912 563 diligebat
933 523 1062 563 quam
1082 509 1151 550 vel
1172 510 1326 559 Deum,
1346 510 1417 550 vel
1437 509 1664 558 Abbatem,
1684 509 1754 550 vel

238 574 425 628 aliquem
458 574 636 615 fratrum
668 588 853 615 suorum.
917 575 1021 624 Quae
1054 575 1197 616 omnia
1238 575 1481 616 conferebat
1520 576 1668 616 Abbas
1708 575 1754 615 in

238 640 362 681 corde
393 653 469 681 suo
504 654 641 694 usque
677 640 729 680 ad
764 644 934 694 tempus
970 640 1276 690 retributionis,
1302 640 1577 681 dissimulans
1608 644 1753 681 tamen

238 719 373 759 usque
409 706 463 746 ad
497 705 657 756 horam,
692 706 895 760 corripuit
931 720 1029 747 eum
1065 720 1192 761 super
1227 707 1386 747 talibus
1423 707 1679 756 excessibus,
1712 710 1754 747 et

238 772 402 813 dimisit
422 772 469 812 in
488 785 601 826 pace.

833 846 959 900 (Ibid.
982 859 1020 899 p.
1047 847 1161 899 274.)

297 921 435 975 Igitur
469 920 560 961 sine
596 920 789 973 strepitu,
826 920 910 961 cito
945 923 1043 974 post
1076 920 1157 961 1100
1197 924 1419 962 revocatus
1454 924 1519 962 est
1553 920 1673 961 Prior
1703 920 1754 961 de

238 987 573 1042 Wyinundham,
605 986 857 1040 Radulphus
889 986 940 1027 de
971 986 1174 1040 Wyteby,
1196 987 1272 1040 qui
1302 1000 1389 1027 non
1418 1000 1617 1028 excessus
1648 986 1754 1040 pris-

237 1055 364 1104 tinos,
403 1058 453 1094 ut
494 1053 648 1102 decuit,
686 1052 938 1093 emendavit.
1002 1052 1098 1101 Qui,
1133 1053 1311 1093 veniens
1352 1053 1406 1093 ad
1448 1053 1486 1094 S.
1524 1053 1755 1101 Albanum,

239 1120 453 1161 Abbatem
484 1124 527 1160 et
550 1119 820 1160 Conventum
843 1118 1042 1159 decenter
1063 1118 1137 1159 sed
1157 1119 1342 1159 breviter
1363 1118 1577 1168 salutavit,
1597 1119 1754 1173 gratias

238 1200 367 1241 agens
398 1186 457 1227 eis
489 1186 540 1226 de
569 1184 650 1225 sibi
671 1184 875 1237 impensis
896 1184 1112 1225 beneficiis
1134 1188 1176 1225 et
1197 1184 1436 1225 honoribus.
1499 1185 1653 1225 Postea
1674 1185 1754 1225 ivit

238 1253 292 1294 ad
323 1251 643 1294 heremitorium
673 1264 798 1291 suum
830 1250 899 1290 vel
930 1250 1142 1299 cellulam,
1175 1250 1256 1290 sibi
1287 1264 1311 1290 a
1344 1251 1483 1290 Domo
1505 1250 1556 1291 de
1578 1251 1754 1304 Witeby

237 1319 403 1373 pridem
434 1317 704 1372 assignatam,
735 1330 864 1369 quam
894 1316 1061 1356 invenit
1091 1316 1266 1369 provide
1302 1316 1501 1357 omnibus
1534 1317 1656 1357 bonis
1689 1330 1753 1357 re—

238 1386 515 1426 dundantem.
597 1383 684 1424 Ubi
726 1396 824 1423 cum
865 1381 1031 1435 aliquot
1071 1382 1193 1422 annis
1235 1387 1380 1423 sancte
1421 1382 1599 1432 vixerat,
1638 1383 1752 1424 viam

240 1452 399 1493 ibidem
419 1450 630 1491 universae
653 1449 792 1490 carnis
814 1452 879 1489 est
899 1448 1124 1502 ingressus.

413 1590 648 1633 DCXXII.
682 1588 809 1643 (Add.
833 1588 958 1629 MSS.
981 1589 1049 1629 ΒΓ.
1072 1588 1183 1629 Mus.
1210 1592 1275 1638 26,
1300 1591 1395 1638 721,
1420 1603 1458 1643 p.
1485 1590 1568 1639 59.)

412 1675 595 1715 ESCAET.
618 1683 674 1712 DE
696 1672 752 1712 ΑΟ
773 1682 890 1712 Nono
914 1671 1103 1711 RICARDI
1126 1671 1329 1712 SECUNDI.
1391 1672 1468 1712 No.
1497 1675 1588 1713 123.

299 1757 531 1812 Inquisitio
553 1760 677 1809 capta
693 1754 807 1808 apud
824 1755 1049 1808 Whitteby
1063 1754 1109 1794 in
1127 1754 1241 1795 Com.
1260 1754 1383 1795 Ebor.
1403 1768 1543 1795 coram
1556 1755 1586 1795 J
1588 1755 1754 1797 ohanne

241 1827 293 1867 de
323 1825 453 1873 Dent,
483 1824 708 1863 Escaetore
740 1821 843 1861 D'ni
875 1821 1002 1874 Regis
1033 1821 1080 1860 in
1114 1820 1229 1861 Com.
1253 1821 1378 1861 Ebor.
1411 1821 1666 1874 supradicto,
1687 1822 1755 1862 die

242 1893 373 1932 Lunae
395 1903 510 1943 prOX.
531 1891 628 1941 post
648 1888 675 1928 f.
699 1887 737 1928 S.
761 1887 1065 1927 Bartliolomaei
1085 1886 1296 1939 Apostoli,
1318 1887 1378 1926 AO
1397 1901 1426 1927 r.
1442 1887 1568 1941 Regis
1585 1888 1755 1928 Ricardi

242 1956 419 1998 secundi
458 1959 556 2008 post
592 1954 723 2007 Conq.
762 1966 887 2002 110110,
927 1953 1089 1993 virtute
1129 1952 1270 1993 brevis
1306 1953 1408 1992 D'ni
1449 1954 1576 2006 Regis
1618 1954 1754 1995 eidem

240 2021 455 2064 Escaetori
475 2020 626 2060 directi
647 2024 689 2060 et
719 2019 819 2059 huic
842 2018 1119 2071 Inquisitioni
1142 2018 1318 2058 consciti
1348 2032 1424 2071 per
1445 2023 1754 2060 sacramentum

243 2088 418 2130 Roberti
448 2087 500 2127 de
532 2085 764 2139 Sywardby
796 2087 838 2125 et
869 2084 1118 2137 juratorum.
1182 2084 1266 2133 Qui
1304 2084 1465 2133 dicunt,
1496 2098 1622 2138 super
1653 2099 1753 2127 sacr.

241 2169 379 2203 suum,
400 2152 514 2206 quod
535 2165 621 2191 non
651 2154 715 2191 est
746 2150 799 2190 ad
820 2150 1055 2203 dampnum
1085 2163 1223 2203 neque
1253 2150 1549 2203 praejudicium
1578 2151 1756 2192 Domini

242 2221 380 2275 Regis,
410 2223 484 2260 aut
515 2218 707 2266 aliorum,
737 2216 837 2257 licet
867 2216 983 2256 idem
1014 2216 1150 2256 D'nus
1182 2216 1276 2256 Rex
1308 2216 1510 2256 concedat
1537 2217 1755 2259 willelmo

242 2285 452 2328 Lonibard
474 2288 516 2326 et
546 2284 575 2325 J
578 2283 738 2324 ohanni
759 2283 968 2323 XVersalle
989 2282 1103 2336 quod
1125 2282 1208 2335 ipsi
1238 2296 1373 2322 unum
1405 2283 1692 2337 messuagium
1713 2289 1756 2326 et

242 2354 303 2394 xii
325 2365 440 2393 acras
461 2351 548 2391 t’rae
570 2364 667 2391 cum
687 2352 790 2403 pert.
814 2349 859 2388 in
882 2348 1225 2402 Middilsburgh;
1251 2348 1408 2402 Agneti
1431 2362 1524 2402 quae
1546 2350 1630 2390 fuit
1650 2365 1757 2391 uxor

244 2418 419 2460 Roberti
439 2417 490 2458 de
512 2416 735 2470 Staynton‚
751 2415 865 2468 quod
885 2415 978 2468 ipsa
1000 2429 1136 2454 unum
1158 2414 1445 2468 messuagium
1462 2418 1504 2455 et
1520 2415 1565 2456 iv
1581 2416 1756 2457 bovatas

242 2486 330 2525 t’rae
352 2497 448 2525 cum
469 2485 572 2536 pert.
595 2482 642 2521 in
662 2480 887 2534 Donnslay
905 2481 1031 2533 juxta
1052 2480 1259 2533 Whitby,
1290 2480 1485 2521 Isabellae
1511 2481 1562 2522 de
1585 2481 1756 2536 [blank]‚

244 2550 357 2605 quod
378 2550 471 2603 ipsa
491 2552 576 2589 tres
598 2561 713 2588 acras
736 2547 823 2587 t'rae
845 2560 943 2587 cum
963 2549 1068 2599 pert.
1086 2546 1132 2585 in
1154 2546 1301 2586 eadem
1317 2545 1422 2586 villa
1444 2546 1495 2586 de
1508 2547 1732 2601 Donnslay
1748 2564 1758 2600 ;

242 2622 285 2658 et
318 2615 509 2657 Johanni
544 2615 595 2654 de
628 2614 843 2665 Ammery,
879 2612 993 2666 quod
1024 2613 1116 2665 ipse
1148 2626 1284 2652 unum
1312 2612 1611 2666 messuagium,
1651 2614 1756 2655 duas

242 2682 417 2722 bovatas
437 2681 536 2728 ffrae,
553 2693 650 2720 cum
667 2683 784 2732 pert,
800 2679 846 2718 in
863 2677 1097 2718 Neweham
1109 2677 1237 2731 juxta
1253 2677 1447 2730 Whitby,
1464 2678 1562 2719 dare
1578 2682 1757 2731 possunt

243 2752 285 2787 et
306 2747 517 2800 assignare
539 2745 705 2786 dilectis
729 2744 811 2785 sibi
831 2744 877 2784 in
896 2744 1079 2792 Christo,
1095 2743 1257 2783 Abbati
1278 2747 1321 2783 et
1343 2743 1473 2784 Conv.
1493 2744 1545 2784 de
1561 2743 1757 2798 Whitby,

243 2812 494 2852 —Habend
533 2816 575 2852 et
605 2816 688 2851 ten.
722 2810 803 2851 sibi
835 2813 877 2850 et
908 2823 1016 2850 succ.
1051 2809 1139 2849 suis
1180 2809 1227 2848 in
1256 2812 1422 2862 partem
1453 2809 1755 2852 satisfactionis

243 2877 399 2930 viginti
430 2877 680 2917 libratarum
712 2881 920 2916 terrarum
957 2880 1000 2915 et
1035 2875 1277 2915 reddituum
1321 2887 1395 2926 per
1435 2888 1608 2924 annum,
1649 2890 1755 2929 quas

242 2943 378 2984 D'nus
414 2941 698 2995 E[dwardus]‚
734 2955 870 2995 nuper
921 2942 1011 2982 Rex
1048 2941 1230 2994 Angliae,
1264 2953 1447 2993 proavus
1473 2940 1589 2985 ,D’ni
1628 2941 1755 2995 Regis
