1889 3273
384 416 749 452 OARTULARIUM
773 417 1043 450 ABBATHIAE
1069 417 1133 449 DE
1158 417 1406 449 WHITEBY.
1570 407 1648 445 391

137 529 457 583 suprascriptas.
520 530 574 570 In
596 530 718 583 cujus
739 528 800 569 rei
830 532 926 569 test.
951 541 1069 583 praes.
1093 541 1168 569 scr.
1191 527 1264 581 sig.
1286 540 1432 568 meum
1463 524 1655 579 apposui.

137 595 236 637 Hiis
276 596 469 637 testibus.
529 596 718 636 Domino
759 594 1002 636 Alexandro
1040 594 1091 634 de
1128 594 1274 647 Percy,
1312 592 1464 633 Milite.
1528 592 1653 632 Petro

137 662 189 703 de
225 662 471 704 Lincolnia:
514 666 556 704 et
596 662 692 703 aliis
728 661 890 702 multis.
968 661 1133 701 Datum
1175 659 1289 714 apud
1325 658 1545 712 Whiteby,
1587 657 1655 698 die

137 728 343 769 Mercurii
382 728 576 782 proximo
618 731 716 769 ante
764 728 922 769 festum
965 727 1003 768 S.
1046 727 1163 768 Petri
1205 726 1258 767 ad
1298 725 1498 774 Vincula,
1543 724 1651 766 A.D.

137 793 367 835 millesimo
389 800 509 835 cccmo
531 798 691 836 octavo.

779 908 1015 951 CCOOXL.

705 1000 800 1055 (43)
831 1000 1083 1041 NEWHAME.

196 1091 342 1133 Sciant
363 1105 521 1142 omnes,
542 1106 602 1146 pr.
626 1095 667 1133 et
688 1091 777 1141 fut„
800 1090 914 1144 quod
945 1103 1033 1144 egO,
1054 1088 1237 1129 Thomas
1259 1087 1311 1129 de
1342 1085 1524 1136 Neville,
1547 1085 1656 1134 dedi,

137 1173 250 1200 conc.
273 1164 316 1200 et
346 1159 425 1200 hac
446 1173 506 1213 pr.
531 1173 563 1200 c.
586 1172 680 1199 mea
702 1158 809 1199 conf.
832 1157 937 1198 Deo.
960 1160 1002 1197 et
1032 1155 1145 1197 Eccl.
1170 1154 1208 1195 S.
1233 1154 1351 1195 Petri
1372 1157 1414 1195 et
1447 1153 1486 1194 S.
1510 1152 1655 1193 Hssdae

137 1225 188 1266 de
205 1225 421 1279 Whiteby,
439 1230 481 1266 et
502 1224 721 1266 monachis
739 1224 930 1278 ejusdem
947 1222 1161 1271 Ecclesiae,
1178 1221 1261 1262 duo
1278 1220 1387 1261 tofta
1404 1223 1446 1260 et
1463 1219 1654 1272 quinque

136 1292 312 1333 bovatas
343 1291 442 1341 t’rae,
464 1305 562 1333 cum
592 1295 696 1345 pert.
720 1290 819 1340 suis,
841 1290 888 1330 in
918 1289 960 1330 N
964 1288 1154 1329 ewhame
1185 1288 1232 1327 in
1254 1285 1655 1327 Whitebistrand—

137 1357 337 1398 Tenenda
351 1362 393 1398 et
409 1358 502 1399 hab.
519 1358 645 1411 praed.
665 1356 904 1411 [Ecclesiae]
923 1359 964 1396 et
986 1353 1205 1395 monachis
1229 1352 1433 1407 ejusdem,
1451 1354 1493 1392 et
1510 1365 1655 1392 eorum

137 1424 311 1474 succ.,in
324 1424 408 1474 lib„
421 1439 511 1478 pur.
521 1428 563 1465 et
576 1438 689 1478 perp.
701 1423 832 1472 elem,
842 1436 940 1463 cum
954 1420 1211 1462 omnimodis
1226 1419 1423 1467 servitiis,
1435 1417 1657 1471 homagiis,

137 1490 357 1540 eschaetis,
383 1491 634 1539 redditibus,
666 1493 707 1530 et
739 1489 833 1530 aliis
865 1487 1051 1529 servitiis
1084 1490 1126 1528 et
1157 1484 1538 1527 consuetudinibus
1560 1497 1654 1536 quae

137 1558 190 1598 ad
210 1571 278 1598 me
299 1557 526 1611 pertinent,
547 1556 617 1597 vel
648 1555 756 1596 mihi
777 1555 965 1596 accidere
995 1555 1209 1607 poterunt,
1231 1563 1487 1605 quocunque
1518 1549 1655 1598 modo,

137 1624 182 1663 in
207 1637 245 1664 V.
269 1627 311 1663 et
335 1622 512 1663 t'ritorio
535 1622 586 1662 de
608 1622 651 1661 N
654 1621 844 1669 euhame‚
867 1620 959 1660 sine
980 1618 1070 1659 ullo
1099 1619 1401 1665 retenemento,
1426 1615 1487 1655 ita
1516 1615 1589 1656 lib.
1613 1618 1654 1655 et

139 1704 206 1744 qu.
231 1688 363 1729 sicut1
395 1689 538 1743 aliqua
561 1687 793 1729 elemosina
813 1685 989 1727 liberius
1012 1698 1060 1725 ac
1083 1683 1269 1738 quietius
1293 1682 1383 1723 dari
1405 1681 1563 1736 poterit
1584 1682 1654 1722 vel

138 1757 313 1799 concedi
348 1756 394 1796 in
425 1758 688 1809 perpetuum.
749 1754 806 1794 Et
838 1766 925 1807 ego,
957 1752 1140 1793 Thomas
1172 1751 1223 1792 de
1260 1748 1444 1798 Neville,
1476 1752 1519 1790 et
1554 1749 1652 1789 hier.

138 1824 222 1865 inei
254 1823 368 1864 dicta
398 1822 506 1862 tofta
537 1824 579 1862 et
611 1821 746 1861 dictas
776 1820 967 1874 quinque
1003 1819 1096 1859 bov.
1129 1817 1229 1867 t’rae,
1262 1830 1361 1858 cum
1393 1829 1504 1857 omn.
1536 1819 1654 1869 pert,

136 1890 285 1940 libert,
299 1894 341 1930 et
355 1903 459 1930 serv.
482 1888 583 1937 suis,
603 1891 652 1928 ut
669 1886 963 1940 supradictum
984 1888 1059 1934 est,
1082 1884 1208 1938 praed.
1230 1883 1346 1924 Eccl.
1370 1885 1412 1923 et
1434 1882 1656 1923 monachis

139 1956 330 2010 ejusdem
351 1958 393 1995 et
410 1968 554 1995 eorum
569 1967 746 1994 success.
766 1966 797 1994 c.
814 1966 847 1993 o.
864 1952 904 1993 h.
924 1950 1297 1992 warantizabimus
1320 1949 1366 1989 in
1387 1952 1653 2002 perpetuum.

139 2023 193 2063 In
217 2022 339 2075 cujus
365 2021 425 2061 rei
455 2025 550 2061 test.
582 2033 701 2073 praes.
734 2033 765 2060 c.
799 2019 872 2073 sig.
904 2032 1049 2059 meum
1080 2016 1268 2071 apposui.
1331 2015 1431 2056 Hiis
1462 2014 1655 2056 testibus.

139 2088 326 2129 Domino
348 2088 532 2128 Roberto
555 2086 606 2127 de
627 2084 859 2127 Acclome.2
918 2084 1139 2125 Willelmo
1162 2083 1214 2124 de
1235 2082 1388 2123 Everle
1406 2097 1413 2122 :
1444 2084 1486 2122 et
1506 2081 1655 2121 multis

139 2154 246 2194 aliis.

188 2236 199 2257 1
224 2236 338 2270 Εἰς-πά.

186 2291 200 2312 2
225 2292 310 2324 Rob.
340 2292 383 2324 de
409 2290 589 2329 Acklome,
621 2289 733 2330 Miles,
760 2289 790 2321 is
816 2300 836 2321 a
861 2289 1007 2321 witness
1032 2289 1070 2320 to
1095 2287 1159 2319 No.
1189 2287 1244 2326 20,
1271 2296 1291 2317 a
1309 2285 1397 2317 deed
1422 2285 1469 2327 by
1487 2285 1583 2316 Will.
1612 2284 1655 2316 de

139 2348 299 2390 Everley,
321 2347 415 2379 Lord
432 2346 468 2379 of
485 2345 746 2389 Ugglebardby‚
765 2344 871 2377 dated
891 2346 990 2384 1311,
1009 2354 1046 2375 as
1064 2343 1136 2375 also
1154 2344 1190 2374 to
1208 2342 1274 2373 No.
1296 2342 1376 2378 465,
1394 2341 1442 2382 by
1456 2340 1657 2373 Alexander

140 2404 183 2435 de
217 2403 337 2445 Percy‚
369 2402 476 2435 dated
512 2403 612 2434 1310.
664 2401 738 2432 The
771 2402 914 2442 present
942 2399 1097 2437 witness,
1131 2396 1324 2429 associated
1357 2406 1394 2427 as
1426 2395 1470 2428 he
1503 2395 1532 2428 is
1565 2396 1655 2428 with

140 2459 298 2491 William
316 2458 359 2490 de
376 2457 536 2499 Everley,
556 2457 586 2489 is
603 2467 648 2488 no
663 2456 774 2488 doubt
791 2455 853 2487 the
870 2465 964 2486 same
982 2464 1075 2491 man,
1097 2452 1167 2485 and
1184 2452 1255 2484 this
1274 2451 1476 2483 conclusion
1494 2452 1653 2493 approxi-

139 2514 272 2556 mately
289 2514 389 2546 dates
406 2512 467 2545 the
485 2514 628 2554 present
645 2511 743 2550 (166(1,
763 2511 828 2542 but
846 2509 998 2552 supplies
1017 2508 1165 2551 nothing
1184 2508 1253 2540 else
1270 2506 1424 2539 towards
1441 2506 1655 2551 identifying

138 2571 201 2604 the
219 2572 371 2613 grantor.
424 2569 466 2600 In
485 2568 550 2600 No.
571 2568 649 2606 507,
666 2567 790 2609 dating
806 2566 967 2597 between
988 2566 1076 2597 1265
1096 2564 1166 2596 and
1186 2564 1285 2602 1278,
1301 2563 1504 2594 Eustacede
1518 2563 1656 2596 Neville

141 2625 214 2658 will
238 2625 282 2657 be
306 2624 418 2656 found
444 2622 640 2655 associated
656 2621 746 2654 with
771 2621 865 2653 Alan
889 2620 932 2652 de
958 2619 1117 2661 Everley,
1144 2630 1181 2651 as
1206 2617 1365 2650 Wffliam
1391 2617 1433 2649 de
1459 2618 1607 2661 Everley
1625 2619 1654 2651 is

140 2679 334 2712 associated
352 2678 440 2711 with
457 2678 607 2710 Thomas
626 2677 669 2709 de
687 2676 825 2709 Neville
842 2675 934 2707 here.
987 2675 1057 2706 But
1074 2674 1103 2706 it
1121 2674 1150 2706 is
1169 2676 1232 2705 not
1255 2672 1406 2716 possible
1431 2675 1468 2704 to
1486 2684 1549 2715 say
1566 2674 1654 2706 with

142 2736 317 2777 certainty
345 2736 383 2766 to
412 2734 510 2766 what
536 2732 669 2765 branch
699 2731 735 2764 of
764 2731 825 2763 the
852 2733 952 2773 great
982 2729 1105 2771 family
1131 2729 1166 2760 of
1193 2727 1333 2761 Neville
1359 2727 1471 2759 either
1496 2729 1532 2760 of
1556 2729 1653 2761 them

141 2790 292 2833 belongs.
344 2789 386 2820 In
411 2789 473 2821 the
498 2788 650 2820 Nomina
666 2787 851 2825 Villarum,
877 2785 1050 2824 however,
1069 2796 1122 2817 we
1147 2785 1220 2817 find
1245 2797 1266 2817 a
1291 2786 1441 2818 Thomas
1467 2785 1511 2816 de
1536 2784 1655 2817 Nevill

143 2845 286 2888 holding
310 2844 511 2876 Middelton
537 2843 573 2875 in
590 2843 651 2875 the
669 2841 893 2884 Wapentake
912 2841 947 2872 of
972 2840 1150 2880 Halikeld,
1169 2840 1249 2873 who
1274 2853 1356 2884 may
1372 2841 1462 2873 have
1479 2840 1568 2872 been
1592 2840 1653 2872 the

142 2901 292 2933 Thomas
310 2900 345 2931 of
363 2911 426 2931 our
443 2899 542 2933 deed.
593 2898 674 2931 Still
691 2898 840 2937 further,
859 2896 888 2928 it
905 2907 987 2938 may
1003 2896 1046 2928 be
1062 2896 1170 2928 noted
1187 2896 1267 2929 that
1284 2897 1320 2929 in
1338 2895 1496 2937 Kirkby's
1520 2896 1655 2937 Inquest

144 2957 311 2999 Ranulph
336 2956 378 2988 de
404 2955 523 2988 Nevill
550 2956 580 2987 is
610 2955 736 2987 named
760 2965 797 2986 as
822 2952 969 2995 holding
993 2952 1029 2984 in
1054 2952 1201 2991 Wsston,
1231 2953 1431 2994 Lackenby,
1462 2951 1531 2984 and
1556 2952 1657 2983 other

143 3012 258 3054 places
282 3012 317 3043 in
338 3011 551 3053 Langberge,
570 3010 749 3051 including
768 3009 890 3040 Kilton
909 3008 1048 3049 Thorpe
1074 3007 1143 3039 and
1161 3007 1305 3050 Ellerby
1325 3007 1398 3048 (the
1422 3007 1530 3039 latter
1553 3006 1658 3049 being

144 3068 271 3100 within
288 3067 366 3100 four
384 3077 422 3099 or
439 3066 507 3098 five
523 3065 622 3098 miles
641 3065 676 3097 of
700 3064 908 3104 Newholm),
932 3063 1042 3096 under
1060 3063 1163 3096 Peter
1180 3063 1223 3095 de
1241 3064 1337 3095 Malo
1356 3063 1457 3102 Lacu,
1481 3062 1583 3094 while
1608 3062 1654 3105 by
