<?xml version="1.0" encoding="UTF-8"?>
<!DOCTYPE html PUBLIC "-//W3C//DTD XHTML 1.0 Transitional//EN"
    "http://www.w3.org/TR/xhtml1/DTD/xhtml1-transitional.dtd">
<html xmlns="http://www.w3.org/1999/xhtml" xml:lang="en" lang="en">
 <head>
  <title>
</title>
<meta http-equiv="Content-Type" content="text/html;charset=utf-8" />
  <meta name='ocr-system' content='tesseract 3.04.00' />
  <meta name='ocr-capabilities' content='ocr_page ocr_carea ocr_par ocr_line ocrx_word'/>
</head>
<body>
  <div class='ocr_page' id='page_1' title='image "./cartulariumabbat02whit_0339.png"; bbox 0 0 1889 3221; ppageno 0'>
   <div class='ocr_carea' id='block_1_1' title="bbox 369 355 1625 400">
    <p class='ocr_par' dir='ltr' id='par_1_1' title="bbox 369 355 1625 400">
     <span class='ocr_line' id='line_1_1' title="bbox 369 355 1625 400; baseline -0.004 -1"><span class='ocrx_word' id='word_1_1' title='bbox 369 366 728 400; x_wconf 84' lang='lat' dir='ltr'><strong>CARTULARIUM</strong></span> <span class='ocrx_word' id='word_1_2' title='bbox 756 366 1025 398; x_wconf 80' lang='lat' dir='ltr'><strong>ABBATHIAE</strong></span> <span class='ocrx_word' id='word_1_3' title='bbox 1052 365 1115 398; x_wconf 88' lang='lat' dir='ltr'>DE</span> <span class='ocrx_word' id='word_1_4' title='bbox 1137 365 1385 398; x_wconf 87' lang='lat' dir='ltr'>WHITEBY.</span> <span class='ocrx_word' id='word_1_5' title='bbox 1546 355 1625 395; x_wconf 83' lang='grc'>675</span> 
     </span>
    </p>
   </div>
   <div class='ocr_carea' id='block_1_2' title="bbox 109 473 1633 2114">
    <p class='ocr_par' dir='ltr' id='par_1_2' title="bbox 109 473 1629 993">
     <span class='ocr_line' id='line_1_2' title="bbox 113 473 1629 530; baseline -0.002 -14"><span class='ocrx_word' id='word_1_6' title='bbox 113 475 188 529; x_wconf 89' lang='lat' dir='ltr'>qui</span> <span class='ocrx_word' id='word_1_7' title='bbox 223 475 355 524; x_wconf 85' lang='lat' dir='ltr'>novit,</span> <span class='ocrx_word' id='word_1_8' title='bbox 392 476 564 516; x_wconf 88' lang='lat' dir='ltr'>domino</span> <span class='ocrx_word' id='word_1_9' title='bbox 596 476 688 516; x_wconf 93' lang='lat' dir='ltr'>Deo</span> <span class='ocrx_word' id='word_1_10' title='bbox 721 476 900 517; x_wconf 85' lang='lat' dir='ltr'>nostro.’&#39;</span> <span class='ocrx_word' id='word_1_11' title='bbox 961 476 1096 517; x_wconf 90' lang='lat' dir='ltr'>Vovit</span> <span class='ocrx_word' id='word_1_12' title='bbox 1132 488 1228 530; x_wconf 84' lang='lat' dir='ltr'>ergo</span> <span class='ocrx_word' id='word_1_13' title='bbox 1265 475 1390 528; x_wconf 89' lang='lat' dir='ltr'>quod,</span> <span class='ocrx_word' id='word_1_14' title='bbox 1427 473 1464 515; x_wconf 90' lang='lat' dir='ltr'>si</span> <span class='ocrx_word' id='word_1_15' title='bbox 1492 473 1629 514; x_wconf 90' lang='lat' dir='ltr'>victor</span> 
     </span>
     <span class='ocr_line' id='line_1_3' title="bbox 109 539 1629 596; baseline -0.003 -14"><span class='ocrx_word' id='word_1_16' title='bbox 109 541 322 592; x_wconf 83' lang='lat' dir='ltr'>existeret,</span> <span class='ocrx_word' id='word_1_17' title='bbox 343 542 478 582; x_wconf 86' lang='lat' dir='ltr'>filiam</span> <span class='ocrx_word' id='word_1_18' title='bbox 509 555 630 582; x_wconf 88' lang='lat' dir='ltr'>suam</span> <span class='ocrx_word' id='word_1_19' title='bbox 658 541 846 582; x_wconf 91' lang='lat' dir='ltr'>Domino</span> <span class='ocrx_word' id='word_1_20' title='bbox 878 555 996 583; x_wconf 88' lang='lat' dir='ltr'>sacra</span> <span class='ocrx_word' id='word_1_21' title='bbox 1016 541 1267 596; x_wconf 86' lang='lat' dir='ltr'>virginitate</span> <span class='ocrx_word' id='word_1_22' title='bbox 1298 541 1468 589; x_wconf 87' lang='lat' dir='ltr'>dicaret,</span> <span class='ocrx_word' id='word_1_23' title='bbox 1499 539 1629 580; x_wconf 86' lang='lat' dir='ltr'>simul</span> 
     </span>
     <span class='ocr_line' id='line_1_4' title="bbox 111 605 1628 663; baseline -0.002 -15"><span class='ocrx_word' id='word_1_24' title='bbox 111 612 154 649; x_wconf 88' lang='lat' dir='ltr'>et</span> <span class='ocrx_word' id='word_1_25' title='bbox 203 609 266 649; x_wconf 89' lang='lat' dir='ltr'>xii</span> <span class='ocrx_word' id='word_1_26' title='bbox 315 609 557 650; x_wconf 90' lang='lat' dir='ltr'>mansiones</span> <span class='ocrx_word' id='word_1_27' title='bbox 606 608 864 663; x_wconf 76' lang='lat' dir='ltr'>praediorum</span> <span class='ocrx_word' id='word_1_28' title='bbox 914 608 968 648; x_wconf 84' lang='lat' dir='ltr'>ad</span> <span class='ocrx_word' id='word_1_29' title='bbox 1019 607 1321 649; x_wconf 86' lang='lat' dir='ltr'>constituenda</span> <span class='ocrx_word' id='word_1_30' title='bbox 1370 605 1628 647; x_wconf 84' lang='lat' dir='ltr'>monasteria.</span> 
     </span>
     <span class='ocr_line' id='line_1_5' title="bbox 111 671 1629 728; baseline -0.001 -14"><span class='ocrx_word' id='word_1_31' title='bbox 111 674 300 717; x_wconf 83' lang='lat' dir='ltr'>donaret.</span> <span class='ocrx_word' id='word_1_32' title='bbox 360 676 417 715; x_wconf 90' lang='lat' dir='ltr'>Et</span> <span class='ocrx_word' id='word_1_33' title='bbox 453 675 513 715; x_wconf 90' lang='lat' dir='ltr'>sic</span> <span class='ocrx_word' id='word_1_34' title='bbox 549 688 679 728; x_wconf 87' lang='lat' dir='ltr'>parvo</span> <span class='ocrx_word' id='word_1_35' title='bbox 721 675 906 728; x_wconf 83' lang='lat' dir='ltr'>stipatus</span> <span class='ocrx_word' id='word_1_36' title='bbox 950 674 1119 728; x_wconf 79' lang='lat' dir='ltr'>agmine</span> <span class='ocrx_word' id='word_1_37' title='bbox 1155 688 1199 715; x_wconf 92' lang='lat' dir='ltr'>se</span> <span class='ocrx_word' id='word_1_38' title='bbox 1236 673 1458 714; x_wconf 77' lang='lat' dir='ltr'>certamini</span> <span class='ocrx_word' id='word_1_39' title='bbox 1499 671 1629 720; x_wconf 88' lang='lat' dir='ltr'>dedit,</span> 
     </span>
     <span class='ocr_line' id='line_1_6' title="bbox 111 739 1629 795; baseline -0.002 -14"><span class='ocrx_word' id='word_1_40' title='bbox 111 740 297 795; x_wconf 87' lang='lat' dir='ltr'>denique</span> <span class='ocrx_word' id='word_1_41' title='bbox 327 741 462 782; x_wconf 85' lang='lat' dir='ltr'>fertur</span> <span class='ocrx_word' id='word_1_42' title='bbox 490 754 704 795; x_wconf 85' lang='lat' dir='ltr'>paganum</span> <span class='ocrx_word' id='word_1_43' title='bbox 735 741 879 781; x_wconf 89' lang='lat' dir='ltr'>tricies</span> <span class='ocrx_word' id='word_1_44' title='bbox 914 741 1119 794; x_wconf 82' lang='lat' dir='ltr'>majorem</span> <span class='ocrx_word' id='word_1_45' title='bbox 1150 739 1386 781; x_wconf 80' lang='lat' dir='ltr'>exercitum</span> <span class='ocrx_word' id='word_1_46' title='bbox 1416 739 1629 786; x_wconf 78' lang='lat' dir='ltr'>habuisse,</span> 
     </span>
     <span class='ocr_line' id='line_1_7' title="bbox 109 804 1629 860; baseline -0.001 -14"><span class='ocrx_word' id='word_1_47' title='bbox 109 820 210 847; x_wconf 90' lang='lat' dir='ltr'>nam</span> <span class='ocrx_word' id='word_1_48' title='bbox 233 807 412 848; x_wconf 90' lang='lat' dir='ltr'>ducibus</span> <span class='ocrx_word' id='word_1_49' title='bbox 434 821 523 847; x_wconf 80' lang='lat' dir='ltr'>xxx</span> <span class='ocrx_word' id='word_1_50' title='bbox 545 807 597 847; x_wconf 90' lang='lat' dir='ltr'>ad</span> <span class='ocrx_word' id='word_1_51' title='bbox 619 807 782 847; x_wconf 85' lang='lat' dir='ltr'>bellum</span> <span class='ocrx_word' id='word_1_52' title='bbox 804 807 1032 860; x_wconf 83' lang='lat' dir='ltr'>diligenter</span> <span class='ocrx_word' id='word_1_53' title='bbox 1053 806 1287 855; x_wconf 87' lang='lat' dir='ltr'>instructis,</span> <span class='ocrx_word' id='word_1_54' title='bbox 1310 805 1478 847; x_wconf 83' lang='lat' dir='ltr'>Oswius</span> <span class='ocrx_word' id='word_1_55' title='bbox 1500 804 1629 853; x_wconf 86' lang='lat' dir='ltr'>solus,</span> 
     </span>
     <span class='ocr_line' id='line_1_8' title="bbox 111 871 1629 926; baseline -0.002 -12"><span class='ocrx_word' id='word_1_56' title='bbox 111 887 209 913; x_wconf 87' lang='lat' dir='ltr'>cum</span> <span class='ocrx_word' id='word_1_57' title='bbox 239 874 328 914; x_wconf 91' lang='lat' dir='ltr'>filio</span> <span class='ocrx_word' id='word_1_58' title='bbox 359 873 564 923; x_wconf 86' lang='lat' dir='ltr'>Aelfrido,</span> <span class='ocrx_word' id='word_1_59' title='bbox 589 873 758 914; x_wconf 88' lang='lat' dir='ltr'>Christo</span> <span class='ocrx_word' id='word_1_60' title='bbox 791 873 897 914; x_wconf 85' lang='lat' dir='ltr'>duce</span> <span class='ocrx_word' id='word_1_61' title='bbox 928 886 1163 921; x_wconf 90' lang='lat' dir='ltr'>occurrens,</span> <span class='ocrx_word' id='word_1_62' title='bbox 1188 872 1285 912; x_wconf 85' lang='lat' dir='ltr'>illos</span> <span class='ocrx_word' id='word_1_63' title='bbox 1316 872 1417 926; x_wconf 82' lang='lat' dir='ltr'>fuga</span> <span class='ocrx_word' id='word_1_64' title='bbox 1437 871 1555 920; x_wconf 88' lang='lat' dir='ltr'>vicit,</span> <span class='ocrx_word' id='word_1_65' title='bbox 1586 874 1629 911; x_wconf 89' lang='lat' dir='ltr'>et</span> 
     </span>
     <span class='ocr_line' id='line_1_9' title="bbox 111 939 609 993; baseline 0.002 -15"><span class='ocrx_word' id='word_1_66' title='bbox 111 939 156 979; x_wconf 92' lang='lat' dir='ltr'>in</span> <span class='ocrx_word' id='word_1_67' title='bbox 178 939 394 992; x_wconf 84' lang='lat' dir='ltr'>sequendo</span> <span class='ocrx_word' id='word_1_68' title='bbox 416 940 609 993; x_wconf 77' lang='lat' dir='ltr'>peremit.</span> 
     </span>
    </p>

    <p class='ocr_par' dir='ltr' id='par_1_3' title="bbox 109 1003 1630 1640">
     <span class='ocr_line' id='line_1_10' title="bbox 171 1003 1628 1058; baseline -0.001 -12"><span class='ocrx_word' id='word_1_69' title='bbox 171 1006 337 1047; x_wconf 82' lang='lat' dir='ltr'>Cecidit</span> <span class='ocrx_word' id='word_1_70' title='bbox 359 1006 470 1046; x_wconf 83' lang='lat' dir='ltr'>inter</span> <span class='ocrx_word' id='word_1_71' title='bbox 492 1009 664 1046; x_wconf 82' lang='lat' dir='ltr'>caeteros</span> <span class='ocrx_word' id='word_1_72' title='bbox 697 1006 842 1046; x_wconf 87' lang='lat' dir='ltr'>Penda</span> <span class='ocrx_word' id='word_1_73' title='bbox 863 1019 939 1046; x_wconf 80' lang='lat' dir='ltr'>rex</span> <span class='ocrx_word' id='word_1_74' title='bbox 959 1005 1261 1058; x_wconf 82' lang='lat' dir='ltr'>nequissimus,</span> <span class='ocrx_word' id='word_1_75' title='bbox 1283 1004 1357 1057; x_wconf 89' lang='lat' dir='ltr'>qui</span> <span class='ocrx_word' id='word_1_76' title='bbox 1379 1008 1443 1044; x_wconf 91' lang='lat' dir='ltr'>tot</span> <span class='ocrx_word' id='word_1_77' title='bbox 1464 1003 1628 1044; x_wconf 87' lang='lat' dir='ltr'>nobiles</span> 
     </span>
     <span class='ocr_line' id='line_1_11' title="bbox 110 1068 1630 1125; baseline -0.003 -13"><span class='ocrx_word' id='word_1_78' title='bbox 110 1071 200 1113; x_wconf 86' lang='lat' dir='ltr'>vita</span> <span class='ocrx_word' id='word_1_79' title='bbox 230 1071 456 1125; x_wconf 88' lang='lat' dir='ltr'>temporali</span> <span class='ocrx_word' id='word_1_80' title='bbox 486 1071 682 1125; x_wconf 77' lang='lat' dir='ltr'>privavit.</span> <span class='ocrx_word' id='word_1_81' title='bbox 746 1071 912 1112; x_wconf 81' lang='lat' dir='ltr'>Cecidit</span> <span class='ocrx_word' id='word_1_82' title='bbox 932 1084 1009 1111; x_wconf 79' lang='lat' dir='ltr'>rex</span> <span class='ocrx_word' id='word_1_83' title='bbox 1029 1070 1307 1110; x_wconf 87' lang='lat' dir='ltr'>AEthelherus</span> <span class='ocrx_word' id='word_1_84' title='bbox 1339 1070 1470 1110; x_wconf 78' lang='lat' dir='ltr'>frater</span> <span class='ocrx_word' id='word_1_85' title='bbox 1489 1068 1630 1109; x_wconf 80' lang='lat' dir='ltr'>Annae</span> 
     </span>
     <span class='ocr_line' id='line_1_12' title="bbox 109 1134 1629 1191; baseline -0.002 -13"><span class='ocrx_word' id='word_1_86' title='bbox 109 1137 230 1191; x_wconf 86' lang='lat' dir='ltr'>regis,</span> <span class='ocrx_word' id='word_1_87' title='bbox 253 1137 303 1178; x_wconf 87' lang='lat' dir='ltr'>de</span> <span class='ocrx_word' id='word_1_88' title='bbox 335 1150 419 1190; x_wconf 88' lang='lat' dir='ltr'>quo</span> <span class='ocrx_word' id='word_1_89' title='bbox 452 1150 579 1190; x_wconf 89' lang='lat' dir='ltr'>supra</span> <span class='ocrx_word' id='word_1_90' title='bbox 608 1136 894 1185; x_wconf 87' lang='lat' dir='ltr'>meminimus,</span> <span class='ocrx_word' id='word_1_91' title='bbox 917 1139 1063 1176; x_wconf 80' lang='lat' dir='ltr'>auctor</span> <span class='ocrx_word' id='word_1_92' title='bbox 1083 1135 1174 1189; x_wconf 90' lang='lat' dir='ltr'>ipse</span> <span class='ocrx_word' id='word_1_93' title='bbox 1205 1135 1322 1184; x_wconf 89' lang='lat' dir='ltr'>belli,</span> <span class='ocrx_word' id='word_1_94' title='bbox 1344 1135 1429 1188; x_wconf 88' lang='lat' dir='ltr'>qui,</span> <span class='ocrx_word' id='word_1_95' title='bbox 1450 1134 1629 1188; x_wconf 88' lang='lat' dir='ltr'>perditis</span> 
     </span>
     <span class='ocr_line' id='line_1_13' title="bbox 110 1200 1629 1256; baseline -0.002 -13"><span class='ocrx_word' id='word_1_96' title='bbox 110 1203 333 1253; x_wconf 83' lang='lat' dir='ltr'>militibus,</span> <span class='ocrx_word' id='word_1_97' title='bbox 368 1203 509 1243; x_wconf 88' lang='lat' dir='ltr'>noluit</span> <span class='ocrx_word' id='word_1_98' title='bbox 546 1202 660 1243; x_wconf 87' lang='lat' dir='ltr'>solus</span> <span class='ocrx_word' id='word_1_99' title='bbox 697 1203 843 1256; x_wconf 87' lang='lat' dir='ltr'>perire.</span> <span class='ocrx_word' id='word_1_100' title='bbox 918 1203 974 1242; x_wconf 90' lang='lat' dir='ltr'>Et</span> <span class='ocrx_word' id='word_1_101' title='bbox 1011 1202 1112 1255; x_wconf 88' lang='lat' dir='ltr'>quia</span> <span class='ocrx_word' id='word_1_102' title='bbox 1152 1215 1283 1255; x_wconf 87' lang='lat' dir='ltr'>prope</span> <span class='ocrx_word' id='word_1_103' title='bbox 1323 1201 1518 1250; x_wconf 85' lang='lat' dir='ltr'>fiuvium,</span> <span class='ocrx_word' id='word_1_104' title='bbox 1554 1200 1629 1254; x_wconf 86' lang='lat' dir='ltr'>qui</span> 
     </span>
     <span class='ocr_line' id='line_1_14' title="bbox 112 1267 1628 1322; baseline -0.002 -13"><span class='ocrx_word' id='word_1_105' title='bbox 112 1269 312 1310; x_wconf 63' lang='lat' dir='ltr'>WVinwed</span> <span class='ocrx_word' id='word_1_106' title='bbox 348 1269 517 1318; x_wconf 87' lang='lat' dir='ltr'>dicitur,</span> <span class='ocrx_word' id='word_1_107' title='bbox 552 1272 793 1322; x_wconf 87' lang='lat' dir='ltr'>pugnatum</span> <span class='ocrx_word' id='word_1_108' title='bbox 834 1271 909 1317; x_wconf 86' lang='lat' dir='ltr'>est,</span> <span class='ocrx_word' id='word_1_109' title='bbox 951 1268 1026 1322; x_wconf 75' lang='lat' dir='ltr'>qui</span> <span class='ocrx_word' id='word_1_110' title='bbox 1067 1272 1171 1308; x_wconf 90' lang='lat' dir='ltr'>tunc</span> <span class='ocrx_word' id='word_1_111' title='bbox 1212 1281 1288 1321; x_wconf 89' lang='lat' dir='ltr'>per</span> <span class='ocrx_word' id='word_1_112' title='bbox 1328 1267 1628 1307; x_wconf 80' lang='lat' dir='ltr'>inundantiam</span> 
     </span>
     <span class='ocr_line' id='line_1_15' title="bbox 111 1333 1628 1388; baseline -0.001 -13"><span class='ocrx_word' id='word_1_113' title='bbox 111 1335 356 1388; x_wconf 83' lang='lat' dir='ltr'>pluviarum</span> <span class='ocrx_word' id='word_1_114' title='bbox 397 1348 543 1375; x_wconf 85' lang='lat' dir='ltr'>omnes</span> <span class='ocrx_word' id='word_1_115' title='bbox 584 1338 720 1375; x_wconf 86' lang='lat' dir='ltr'>metas</span> <span class='ocrx_word' id='word_1_116' title='bbox 761 1348 860 1375; x_wconf 86' lang='lat' dir='ltr'>suas</span> <span class='ocrx_word' id='word_1_117' title='bbox 901 1334 1140 1382; x_wconf 82' lang='lat' dir='ltr'>transierat,</span> <span class='ocrx_word' id='word_1_118' title='bbox 1182 1333 1362 1388; x_wconf 85' lang='lat' dir='ltr'>contigit</span> <span class='ocrx_word' id='word_1_119' title='bbox 1402 1337 1451 1373; x_wconf 89' lang='lat' dir='ltr'>ut</span> <span class='ocrx_word' id='word_1_120' title='bbox 1491 1333 1628 1373; x_wconf 81' lang='lat' dir='ltr'>multo</span> 
     </span>
     <span class='ocr_line' id='line_1_16' title="bbox 110 1399 1628 1455; baseline -0.001 -14"><span class='ocrx_word' id='word_1_121' title='bbox 110 1401 252 1454; x_wconf 85' lang='lat' dir='ltr'>plures</span> <span class='ocrx_word' id='word_1_122' title='bbox 284 1415 393 1455; x_wconf 86' lang='lat' dir='ltr'>aqua</span> <span class='ocrx_word' id='word_1_123' title='bbox 424 1401 635 1455; x_wconf 85' lang='lat' dir='ltr'>fugientes</span> <span class='ocrx_word' id='word_1_124' title='bbox 671 1414 801 1454; x_wconf 84' lang='lat' dir='ltr'>quam</span> <span class='ocrx_word' id='word_1_125' title='bbox 831 1400 1041 1442; x_wconf 85' lang='lat' dir='ltr'>bellantes</span> <span class='ocrx_word' id='word_1_126' title='bbox 1077 1401 1272 1454; x_wconf 85' lang='lat' dir='ltr'>perderet</span> <span class='ocrx_word' id='word_1_127' title='bbox 1308 1399 1431 1440; x_wconf 88' lang='lat' dir='ltr'>ensis.</span> <span class='ocrx_word' id='word_1_128' title='bbox 1502 1399 1628 1440; x_wconf 89' lang='lat' dir='ltr'>Unde</span> 
     </span>
     <span class='ocr_line' id='line_1_17' title="bbox 112 1465 1627 1520; baseline -0.002 -12"><span class='ocrx_word' id='word_1_129' title='bbox 112 1467 247 1508; x_wconf 82' lang='lat' dir='ltr'>exivit</span> <span class='ocrx_word' id='word_1_130' title='bbox 283 1467 580 1520; x_wconf 87' lang='lat' dir='ltr'>proverbium:</span> <span class='ocrx_word' id='word_1_131' title='bbox 622 1467 715 1507; x_wconf 87' lang='lat' dir='ltr'>“In</span> <span class='ocrx_word' id='word_1_132' title='bbox 746 1466 947 1507; x_wconf 84' lang='lat' dir='ltr'>Winwed</span> <span class='ocrx_word' id='word_1_133' title='bbox 978 1480 1101 1507; x_wconf 87' lang='lat' dir='ltr'>amne</span> <span class='ocrx_word' id='word_1_134' title='bbox 1139 1466 1356 1506; x_wconf 85' lang='lat' dir='ltr'>vindicata</span> <span class='ocrx_word' id='word_1_135' title='bbox 1393 1469 1456 1506; x_wconf 91' lang='lat' dir='ltr'>est</span> <span class='ocrx_word' id='word_1_136' title='bbox 1494 1465 1627 1506; x_wconf 84' lang='lat' dir='ltr'>caedes</span> 
     </span>
     <span class='ocr_line' id='line_1_18' title="bbox 112 1531 1629 1587; baseline -0.001 -15"><span class='ocrx_word' id='word_1_137' title='bbox 112 1533 264 1582; x_wconf 70' lang='lat' dir='ltr'>Annae,</span> <span class='ocrx_word' id='word_1_138' title='bbox 301 1534 435 1574; x_wconf 81' lang='lat' dir='ltr'>caedes</span> <span class='ocrx_word' id='word_1_139' title='bbox 476 1546 624 1587; x_wconf 87' lang='lat' dir='ltr'>regum</span> <span class='ocrx_word' id='word_1_140' title='bbox 662 1532 883 1586; x_wconf 80' lang='lat' dir='ltr'>Segeberti</span> <span class='ocrx_word' id='word_1_141' title='bbox 919 1537 962 1573; x_wconf 90' lang='lat' dir='ltr'>et</span> <span class='ocrx_word' id='word_1_142' title='bbox 998 1532 1153 1586; x_wconf 85' lang='lat' dir='ltr'>Egrici,</span> <span class='ocrx_word' id='word_1_143' title='bbox 1189 1531 1324 1572; x_wconf 83' lang='lat' dir='ltr'>caedes</span> <span class='ocrx_word' id='word_1_144' title='bbox 1362 1531 1550 1572; x_wconf 84' lang='lat' dir='ltr'>Oswaldi</span> <span class='ocrx_word' id='word_1_145' title='bbox 1587 1534 1629 1572; x_wconf 88' lang='lat' dir='ltr'>et</span> 
     </span>
     <span class='ocr_line' id='line_1_19' title="bbox 112 1599 343 1640; baseline 0.004 -1"><span class='ocrx_word' id='word_1_146' title='bbox 112 1599 343 1640; x_wconf 86' lang='lat' dir='ltr'>Eadwini.&#39;&#39;</span> 
     </span>
    </p>

    <p class='ocr_par' dir='ltr' id='par_1_4' title="bbox 111 1663 1633 2114">
     <span class='ocr_line' id='line_1_20' title="bbox 170 1663 1630 1718; baseline -0.001 -13"><span class='ocrx_word' id='word_1_147' title='bbox 170 1665 288 1705; x_wconf 88' lang='lat' dir='ltr'>Tunc</span> <span class='ocrx_word' id='word_1_148' title='bbox 313 1679 389 1705; x_wconf 83' lang='lat' dir='ltr'>rex</span> <span class='ocrx_word' id='word_1_149' title='bbox 421 1665 600 1714; x_wconf 82' lang='lat' dir='ltr'>Oswius,</span> <span class='ocrx_word' id='word_1_150' title='bbox 628 1664 756 1718; x_wconf 80' lang='lat' dir='ltr'>juxta</span> <span class='ocrx_word' id='word_1_151' title='bbox 789 1664 903 1718; x_wconf 88' lang='lat' dir='ltr'>quod</span> <span class='ocrx_word' id='word_1_152' title='bbox 934 1663 1121 1704; x_wconf 89' lang='lat' dir='ltr'>Domino</span> <span class='ocrx_word' id='word_1_153' title='bbox 1154 1666 1339 1713; x_wconf 85' lang='lat' dir='ltr'>voverat,</span> <span class='ocrx_word' id='word_1_154' title='bbox 1370 1678 1444 1717; x_wconf 88' lang='lat' dir='ltr'>pro</span> <span class='ocrx_word' id='word_1_155' title='bbox 1476 1663 1630 1704; x_wconf 80' lang='lat' dir='ltr'>collata</span> 
     </span>
     <span class='ocr_line' id='line_1_21' title="bbox 112 1729 1629 1784; baseline -0.001 -14"><span class='ocrx_word' id='word_1_156' title='bbox 112 1730 194 1771; x_wconf 89' lang='lat' dir='ltr'>sibi</span> <span class='ocrx_word' id='word_1_157' title='bbox 219 1730 398 1770; x_wconf 84' lang='lat' dir='ltr'>victoria</span> <span class='ocrx_word' id='word_1_158' title='bbox 427 1731 587 1784; x_wconf 80' lang='lat' dir='ltr'>gratias</span> <span class='ocrx_word' id='word_1_159' title='bbox 619 1730 712 1770; x_wconf 91' lang='lat' dir='ltr'>Deo</span> <span class='ocrx_word' id='word_1_160' title='bbox 743 1730 941 1778; x_wconf 85' lang='lat' dir='ltr'>referens,</span> <span class='ocrx_word' id='word_1_161' title='bbox 964 1729 1083 1770; x_wconf 86' lang='lat' dir='ltr'>dedit</span> <span class='ocrx_word' id='word_1_162' title='bbox 1113 1729 1246 1769; x_wconf 86' lang='lat' dir='ltr'>filiam</span> <span class='ocrx_word' id='word_1_163' title='bbox 1277 1743 1410 1778; x_wconf 89' lang='lat' dir='ltr'>suam,</span> <span class='ocrx_word' id='word_1_164' title='bbox 1432 1743 1526 1783; x_wconf 83' lang='lat' dir='ltr'>quae</span> <span class='ocrx_word' id='word_1_165' title='bbox 1555 1729 1629 1769; x_wconf 78' lang='lat' dir='ltr'>vix</span> 
     </span>
     <span class='ocr_line' id='line_1_22' title="bbox 112 1795 1630 1850; baseline 0.001 -14"><span class='ocrx_word' id='word_1_166' title='bbox 112 1796 240 1836; x_wconf 85' lang='lat' dir='ltr'>unius</span> <span class='ocrx_word' id='word_1_167' title='bbox 271 1796 374 1836; x_wconf 89' lang='lat' dir='ltr'>anni</span> <span class='ocrx_word' id='word_1_168' title='bbox 405 1801 575 1836; x_wconf 61' lang='lat' dir='ltr'>aetatem</span> <span class='ocrx_word' id='word_1_169' title='bbox 605 1795 862 1849; x_wconf 86' lang='lat' dir='ltr'>impleverat</span> <span class='ocrx_word' id='word_1_170' title='bbox 892 1800 1099 1849; x_wconf 89' lang='lat' dir='ltr'>perpetua</span> <span class='ocrx_word' id='word_1_171' title='bbox 1129 1796 1182 1836; x_wconf 92' lang='lat' dir='ltr'>Ei</span> <span class='ocrx_word' id='word_1_172' title='bbox 1210 1796 1454 1850; x_wconf 85' lang='lat' dir='ltr'>virginitate</span> <span class='ocrx_word' id='word_1_173' title='bbox 1487 1809 1630 1837; x_wconf 87' lang='lat' dir='ltr'>conse-</span> 
     </span>
     <span class='ocr_line' id='line_1_23' title="bbox 112 1861 1633 1915; baseline 0 -13"><span class='ocrx_word' id='word_1_174' title='bbox 112 1862 323 1910; x_wconf 85' lang='lat' dir='ltr'>crandam,</span> <span class='ocrx_word' id='word_1_175' title='bbox 354 1861 401 1901; x_wconf 90' lang='lat' dir='ltr'>in</span> <span class='ocrx_word' id='word_1_176' title='bbox 432 1862 693 1902; x_wconf 85' lang='lat' dir='ltr'>Monasterio</span> <span class='ocrx_word' id='word_1_177' title='bbox 726 1862 840 1915; x_wconf 87' lang='lat' dir='ltr'>quod</span> <span class='ocrx_word' id='word_1_178' title='bbox 877 1862 1113 1910; x_wconf 88' lang='lat' dir='ltr'>Herteseie,</span> <span class='ocrx_word' id='word_1_179' title='bbox 1148 1861 1193 1902; x_wconf 87' lang='lat' dir='ltr'>id</span> <span class='ocrx_word' id='word_1_180' title='bbox 1227 1866 1303 1911; x_wconf 82' lang='lat' dir='ltr'>est,</span> <span class='ocrx_word' id='word_1_181' title='bbox 1333 1861 1474 1902; x_wconf 86' lang='lat' dir='ltr'>insula</span> <span class='ocrx_word' id='word_1_182' title='bbox 1505 1861 1633 1910; x_wconf 88' lang='lat' dir='ltr'>cervi,</span> 
     </span>
     <span class='ocr_line' id='line_1_24' title="bbox 112 1928 1629 1981; baseline 0.001 -14"><span class='ocrx_word' id='word_1_183' title='bbox 112 1931 395 1981; x_wconf 86' lang='lat' dir='ltr'>nuncupatur,</span> <span class='ocrx_word' id='word_1_184' title='bbox 432 1928 500 1968; x_wconf 90' lang='lat' dir='ltr'>cui</span> <span class='ocrx_word' id='word_1_185' title='bbox 536 1932 639 1968; x_wconf 82' lang='lat' dir='ltr'>tunc</span> <span class='ocrx_word' id='word_1_186' title='bbox 673 1928 807 1968; x_wconf 84' lang='lat' dir='ltr'>Hilda</span> <span class='ocrx_word' id='word_1_187' title='bbox 843 1928 1015 1981; x_wconf 77' lang='lat' dir='ltr'>praefuit</span> <span class='ocrx_word' id='word_1_188' title='bbox 1051 1928 1290 1969; x_wconf 86' lang='lat' dir='ltr'>Abbatissa.</span> <span class='ocrx_word' id='word_1_189' title='bbox 1365 1929 1481 1978; x_wconf 77' lang='lat' dir='ltr'>Quae,</span> <span class='ocrx_word' id='word_1_190' title='bbox 1517 1943 1629 1970; x_wconf 88' lang='lat' dir='ltr'>com—</span> 
     </span>
     <span class='ocr_line' id='line_1_25' title="bbox 111 1994 1630 2048; baseline 0.001 -14"><span class='ocrx_word' id='word_1_191' title='bbox 111 1998 257 2047; x_wconf 84' lang='lat' dir='ltr'>parata</span> <span class='ocrx_word' id='word_1_192' title='bbox 282 1994 549 2047; x_wconf 84' lang='lat' dir='ltr'>possessione</span> <span class='ocrx_word' id='word_1_193' title='bbox 576 1994 722 2034; x_wconf 86' lang='lat' dir='ltr'>decem</span> <span class='ocrx_word' id='word_1_194' title='bbox 753 1994 1024 2043; x_wconf 82' lang='lat' dir='ltr'>familiarum,</span> <span class='ocrx_word' id='word_1_195' title='bbox 1046 1994 1092 2034; x_wconf 90' lang='lat' dir='ltr'>in</span> <span class='ocrx_word' id='word_1_196' title='bbox 1122 1994 1215 2035; x_wconf 88' lang='lat' dir='ltr'>loco</span> <span class='ocrx_word' id='word_1_197' title='bbox 1247 1994 1322 2048; x_wconf 86' lang='lat' dir='ltr'>qui</span> <span class='ocrx_word' id='word_1_198' title='bbox 1353 1994 1630 2036; x_wconf 84' lang='lat' dir='ltr'>Streneshalh</span> 
     </span>
     <span class='ocr_line' id='line_1_26' title="bbox 111 2060 1046 2114; baseline -0.001 -14"><span class='ocrx_word' id='word_1_199' title='bbox 111 2060 363 2114; x_wconf 87' lang='lat' dir='ltr'>appellatur,</span> <span class='ocrx_word' id='word_1_200' title='bbox 385 2060 691 2101; x_wconf 88' lang='lat' dir='ltr'>monasterium</span> <span class='ocrx_word' id='word_1_201' title='bbox 713 2060 773 2100; x_wconf 86' lang='lat' dir='ltr'>ibi</span> <span class='ocrx_word' id='word_1_202' title='bbox 795 2060 1046 2100; x_wconf 80' lang='lat' dir='ltr'>construxit.</span> 
     </span>
    </p>
   </div>
   <div class='ocr_carea' id='block_1_3' title="bbox 247 2199 1493 2326">
    <p class='ocr_par' dir='ltr' id='par_1_5' title="bbox 247 2199 1493 2326">
     <span class='ocr_line' id='line_1_27' title="bbox 247 2199 1493 2254; baseline -0.001 -13"><span class='ocrx_word' id='word_1_203' title='bbox 247 2200 568 2241; x_wconf 84' lang='lat' dir='ltr'>DCXXVH.A.</span> <span class='ocrx_word' id='word_1_204' title='bbox 602 2201 687 2254; x_wconf 77' lang='lat' dir='ltr'>(Ex</span> <span class='ocrx_word' id='word_1_205' title='bbox 709 2201 799 2240; x_wconf 85' lang='lat' dir='ltr'>vita</span> <span class='ocrx_word' id='word_1_206' title='bbox 822 2200 859 2241; x_wconf 78' lang='lat' dir='ltr'>S.</span> <span class='ocrx_word' id='word_1_207' title='bbox 886 2199 1041 2248; x_wconf 76' lang='lat' dir='ltr'>Hildae,</span> <span class='ocrx_word' id='word_1_208' title='bbox 1064 2199 1240 2240; x_wconf 84' lang='lat' dir='ltr'>Lelandi</span> <span class='ocrx_word' id='word_1_209' title='bbox 1264 2200 1493 2241; x_wconf 80' lang='lat' dir='ltr'>Collectan.</span> 
     </span>
     <span class='ocr_line' id='line_1_28' title="bbox 703 2273 1036 2326; baseline 0.003 -13"><span class='ocrx_word' id='word_1_210' title='bbox 703 2273 783 2313; x_wconf 89' lang='lat' dir='ltr'>vol.</span> <span class='ocrx_word' id='word_1_211' title='bbox 806 2274 864 2313; x_wconf 89' lang='lat' dir='ltr'>iii.</span> <span class='ocrx_word' id='word_1_212' title='bbox 887 2287 926 2326; x_wconf 89' lang='lat' dir='ltr'>p.</span> <span class='ocrx_word' id='word_1_213' title='bbox 952 2274 1036 2325; x_wconf 84' lang='lat'>36.)</span> 
     </span>
    </p>
   </div>
   <div class='ocr_carea' id='block_1_4' title="bbox 113 2364 1631 2682">
    <p class='ocr_par' dir='ltr' id='par_1_6' title="bbox 113 2364 1630 2549">
     <span class='ocr_line' id='line_1_29' title="bbox 172 2364 1630 2417; baseline 0 -13"><span class='ocrx_word' id='word_1_214' title='bbox 172 2364 480 2404; x_wconf 81' lang='lat' dir='ltr'>Monasteriuin</span> <span class='ocrx_word' id='word_1_215' title='bbox 505 2365 543 2404; x_wconf 82' lang='lat' dir='ltr'>S.</span> <span class='ocrx_word' id='word_1_216' title='bbox 568 2364 711 2404; x_wconf 83' lang='lat' dir='ltr'>Hildae</span> <span class='ocrx_word' id='word_1_217' title='bbox 732 2364 846 2417; x_wconf 88' lang='lat' dir='ltr'>apud</span> <span class='ocrx_word' id='word_1_218' title='bbox 878 2364 1138 2404; x_wconf 84' lang='lat' dir='ltr'>Streneshall</span> <span class='ocrx_word' id='word_1_219' title='bbox 1169 2364 1341 2417; x_wconf 84' lang='lat' dir='ltr'>penitus</span> <span class='ocrx_word' id='word_1_220' title='bbox 1368 2364 1630 2404; x_wconf 87' lang='lat' dir='ltr'>destructum</span> 
     </span>
     <span class='ocr_line' id='line_1_30' title="bbox 113 2429 1630 2483; baseline -0.001 -12"><span class='ocrx_word' id='word_1_221' title='bbox 113 2430 196 2471; x_wconf 89' lang='lat' dir='ltr'>fuit</span> <span class='ocrx_word' id='word_1_222' title='bbox 227 2430 279 2470; x_wconf 86' lang='lat' dir='ltr'>ab</span> <span class='ocrx_word' id='word_1_223' title='bbox 311 2430 495 2483; x_wconf 84' lang='lat' dir='ltr'>Inguaro</span> <span class='ocrx_word' id='word_1_224' title='bbox 527 2434 570 2469; x_wconf 85' lang='lat' dir='ltr'>et</span> <span class='ocrx_word' id='word_1_225' title='bbox 601 2429 774 2480; x_wconf 81' lang='lat' dir='ltr'>Hubba,</span> <span class='ocrx_word' id='word_1_226' title='bbox 801 2429 1007 2483; x_wconf 86' lang='lat' dir='ltr'>Titusque</span> <span class='ocrx_word' id='word_1_227' title='bbox 1038 2430 1186 2470; x_wconf 88' lang='lat' dir='ltr'>Abbas</span> <span class='ocrx_word' id='word_1_228' title='bbox 1219 2430 1502 2479; x_wconf 83' lang='lat' dir='ltr'>Glesconiam,</span> <span class='ocrx_word' id='word_1_229' title='bbox 1534 2444 1630 2471; x_wconf 83' lang='grc'>011111</span> 
     </span>
     <span class='ocr_line' id='line_1_31' title="bbox 113 2495 748 2549; baseline -0.005 -12"><span class='ocrx_word' id='word_1_230' title='bbox 113 2496 306 2549; x_wconf 85' lang='lat' dir='ltr'>reliquiis</span> <span class='ocrx_word' id='word_1_231' title='bbox 329 2495 368 2536; x_wconf 83' lang='lat' dir='ltr'>S.</span> <span class='ocrx_word' id='word_1_232' title='bbox 394 2495 550 2544; x_wconf 84' lang='lat' dir='ltr'>Hildae,</span> <span class='ocrx_word' id='word_1_233' title='bbox 572 2495 748 2549; x_wconf 83' lang='lat' dir='ltr'>aufugit.</span> 
     </span>
    </p>

    <p class='ocr_par' dir='ltr' id='par_1_7' title="bbox 115 2561 1631 2682">
     <span class='ocr_line' id='line_1_32' title="bbox 174 2561 1631 2616; baseline 0.001 -14"><span class='ocrx_word' id='word_1_234' title='bbox 174 2561 439 2602; x_wconf 82' lang='lat' dir='ltr'>Restitutum</span> <span class='ocrx_word' id='word_1_235' title='bbox 461 2561 545 2601; x_wconf 82' lang='lat' dir='ltr'>fuit</span> <span class='ocrx_word' id='word_1_236' title='bbox 566 2561 879 2601; x_wconf 84' lang='lat' dir='ltr'>Monasterimn</span> <span class='ocrx_word' id='word_1_237' title='bbox 911 2561 962 2602; x_wconf 93' lang='lat' dir='ltr'>de</span> <span class='ocrx_word' id='word_1_238' title='bbox 995 2561 1245 2611; x_wconf 84' lang='lat' dir='ltr'>Strenshall,</span> <span class='ocrx_word' id='word_1_239' title='bbox 1276 2565 1467 2616; x_wconf 83' lang='lat' dir='ltr'>tempore</span> <span class='ocrx_word' id='word_1_240' title='bbox 1499 2563 1631 2603; x_wconf 83' lang='lat' dir='ltr'>Henr.</span> 
     </span>
     <span class='ocr_line' id='line_1_33' title="bbox 115 2627 813 2682; baseline 0 -14"><span class='ocrx_word' id='word_1_241' title='bbox 115 2628 255 2682; x_wconf 88' lang='lat' dir='ltr'>primi,</span> <span class='ocrx_word' id='word_1_242' title='bbox 276 2641 350 2681; x_wconf 86' lang='lat' dir='ltr'>per</span> <span class='ocrx_word' id='word_1_243' title='bbox 372 2627 654 2668; x_wconf 81' lang='lat' dir='ltr'>Guilielmum</span> <span class='ocrx_word' id='word_1_244' title='bbox 676 2627 813 2668; x_wconf 87' lang='lat' dir='ltr'>Perse.</span> 
     </span>
    </p>
   </div>
   <div class='ocr_carea' id='block_1_5' title="bbox 542 2758 1196 2812">
    <p class='ocr_par' dir='ltr' id='par_1_8' title="bbox 542 2758 1196 2812">
     <span class='ocr_line' id='line_1_34' title="bbox 542 2758 1196 2812; baseline 0.002 -14"><span class='ocrx_word' id='word_1_245' title='bbox 542 2758 858 2799; x_wconf 86' lang='lat' dir='ltr'>DCXXVH.B.</span> <span class='ocrx_word' id='word_1_246' title='bbox 892 2759 1023 2812; x_wconf 68' lang='lat' dir='ltr'>(Ibid.</span> <span class='ocrx_word' id='word_1_247' title='bbox 1046 2772 1085 2812; x_wconf 89' lang='lat' dir='ltr'>p.</span> <span class='ocrx_word' id='word_1_248' title='bbox 1111 2759 1196 2811; x_wconf 86' lang='lat'>37.)</span> 
     </span>
    </p>
   </div>
   <div class='ocr_carea' id='block_1_6' title="bbox 121 2848 1635 3035">
    <p class='ocr_par' dir='ltr' id='par_1_9' title="bbox 121 2848 1635 3035">
     <span class='ocr_line' id='line_1_35' title="bbox 180 2848 1632 2902; baseline 0.002 -15"><span class='ocrx_word' id='word_1_249' title='bbox 180 2848 292 2888; x_wconf 86' lang='lat' dir='ltr'>Mira</span> <span class='ocrx_word' id='word_1_250' title='bbox 326 2861 392 2888; x_wconf 86' lang='lat' dir='ltr'>res</span> <span class='ocrx_word' id='word_1_251' title='bbox 430 2852 494 2888; x_wconf 85' lang='lat' dir='ltr'>est</span> <span class='ocrx_word' id='word_1_252' title='bbox 529 2848 672 2888; x_wconf 89' lang='lat' dir='ltr'>videre</span> <span class='ocrx_word' id='word_1_253' title='bbox 709 2852 926 2901; x_wconf 85' lang='lat' dir='ltr'>serpentes</span> <span class='ocrx_word' id='word_1_254' title='bbox 968 2848 1081 2902; x_wconf 90' lang='lat' dir='ltr'>apud</span> <span class='ocrx_word' id='word_1_255' title='bbox 1122 2849 1386 2890; x_wconf 80' lang='lat' dir='ltr'>Streneshall</span> <span class='ocrx_word' id='word_1_256' title='bbox 1427 2849 1471 2889; x_wconf 89' lang='lat' dir='ltr'>in</span> <span class='ocrx_word' id='word_1_257' title='bbox 1513 2850 1632 2891; x_wconf 87' lang='lat' dir='ltr'>orbes</span> 
     </span>
     <span class='ocr_line' id='line_1_36' title="bbox 121 2913 1633 2969; baseline 0.002 -16"><span class='ocrx_word' id='word_1_258' title='bbox 121 2914 288 2968; x_wconf 52' lang='lat' dir='ltr'>girato&amp;</span> <span class='ocrx_word' id='word_1_259' title='bbox 321 2919 363 2955; x_wconf 88' lang='lat' dir='ltr'>et</span> <span class='ocrx_word' id='word_1_260' title='bbox 393 2914 667 2955; x_wconf 84' lang='lat' dir='ltr'>inclementia</span> <span class='ocrx_word' id='word_1_261' title='bbox 697 2913 805 2962; x_wconf 89' lang='lat' dir='ltr'>coeli,</span> <span class='ocrx_word' id='word_1_262' title='bbox 834 2914 915 2963; x_wconf 85' lang='lat' dir='ltr'>vel,</span> <span class='ocrx_word' id='word_1_263' title='bbox 946 2918 995 2954; x_wconf 87' lang='lat' dir='ltr'>ut</span> <span class='ocrx_word' id='word_1_264' title='bbox 1026 2915 1224 2955; x_wconf 87' lang='lat' dir='ltr'>monachi</span> <span class='ocrx_word' id='word_1_265' title='bbox 1254 2916 1407 2964; x_wconf 87' lang='lat' dir='ltr'>ferunt,</span> <span class='ocrx_word' id='word_1_266' title='bbox 1438 2916 1633 2969; x_wconf 89' lang='lat' dir='ltr'>precibus</span> 
     </span>
     <span class='ocr_line' id='line_1_37' title="bbox 123 2978 1635 3035; baseline 0.003 -17"><span class='ocrx_word' id='word_1_267' title='bbox 123 2978 232 3019; x_wconf 84' lang='lat' dir='ltr'>divae</span> <span class='ocrx_word' id='word_1_268' title='bbox 254 2979 400 3019; x_wconf 85' lang='lat' dir='ltr'>Hildae</span> <span class='ocrx_word' id='word_1_269' title='bbox 420 2979 465 3019; x_wconf 91' lang='lat' dir='ltr'>in</span> <span class='ocrx_word' id='word_1_270' title='bbox 485 2979 650 3035; x_wconf 87' lang='lat' dir='ltr'>lapides</span> <span class='ocrx_word' id='word_1_271' title='bbox 673 2980 866 3020; x_wconf 85' lang='lat' dir='ltr'>concreti.</span> <span class='ocrx_word' id='word_1_272' title='bbox 920 2980 1055 3021; x_wconf 87' lang='lat' dir='ltr'>Locus</span> <span class='ocrx_word' id='word_1_273' title='bbox 1078 2980 1151 3020; x_wconf 84' lang='lat' dir='ltr'>ubi</span> <span class='ocrx_word' id='word_1_274' title='bbox 1173 2994 1287 3021; x_wconf 90' lang='lat' dir='ltr'>nunc</span> <span class='ocrx_word' id='word_1_275' title='bbox 1309 2981 1548 3022; x_wconf 88' lang='lat' dir='ltr'>coenobium</span> <span class='ocrx_word' id='word_1_276' title='bbox 1570 2986 1635 3022; x_wconf 89' lang='lat' dir='ltr'>est</span> 
     </span>
    </p>
   </div>
  </div>
 </body>
</html>
