1889 3221
254 328 336 366 654
495 336 857 370 CARTULARIUM
883 335 1155 369 ABBATHIAE
1180 335 1245 368 DE
1274 334 1519 368 WHITEBY.

250 459 325 499 per
359 446 595 488 triennium
626 460 650 487 a
681 446 781 487 dato
812 445 1089 499 praesentium
1120 444 1322 486 continue
1352 442 1690 494 numerandum3
1725 446 1769 483 et

249 511 435 553 habeant
455 512 626 553 literam
647 512 747 553 inde
769 512 815 552 in
836 512 972 553 forma
993 515 1207 553 consueta.

724 636 857 678 DCV.
890 635 1090 690 (Melton,
1111 635 1137 676 f.
1163 633 1296 688 26312.)

306 725 636 767 Memorandum
667 726 781 780 quod
811 726 880 766 die
912 725 1078 774 Martis,
1100 725 1197 766 xiii0
1228 724 1296 765 die
1328 723 1437 765 Maii
1467 727 1611 763 MOccc0
1641 721 1765 762 trice-

247 792 355 832 simo
377 792 573 845 septimo,
595 792 762 833 visitati
782 792 959 833 fuerunt
980 791 1183 845 Religiosi
1213 791 1308 840 viri,
1329 790 1472 830 Abbas
1495 793 1537 830 et
1559 789 1689 830 Conv.
1713 787 1765 828 de

247 858 467 912 Whiteby,
503 858 550 899 in
586 858 799 912 Capitulo,
836 861 878 899 et
918 857 1018 899 inde
1058 857 1301 898 habuerunt
1341 856 1510 897 literam
1551 855 1598 895 in
1630 854 1765 895 forma

248 927 464 966 consueta.

713 998 872 1041 DCVI.
905 998 1106 1052 (Melton,
1127 998 1152 1039 f.
1179 995 1312 1050 25912.)

247 1089 411 1129 LITERA
432 1099 637 1136 QUAESTUS
659 1099 739 1129 PRO
761 1099 947 1130 FABRICA
967 1089 1248 1129 MONASTERII
1269 1098 1326 1128 DE
1347 1087 1566 1129 WHITEBY
1586 1096 1764 1127 NOSTRAE

879 1165 1125 1196 DIOCESEOS.

306 1237 551 1278 Willelmus
588 1240 664 1278 etc.
701 1237 1031 1278 Venerabilibus
1071 1236 1285 1286 fratribus,
1321 1235 1485 1289 Coep’is
1521 1235 1690 1284 nostris,
1721 1237 1763 1275 et

247 1303 415 1343 dilectis
436 1303 548 1352 filiis,
566 1303 739 1342 Decano
763 1307 805 1343 et
828 1301 1026 1355 Capitulo
1048 1301 1161 1343 Eccl.
1184 1305 1337 1342 nostrae
1358 1301 1493 1350 Ebor„
1510 1300 1762 1349 Abbatibus‚

248 1369 476 1418 Prioribus,
485 1368 698 1422 Collegiis,
711 1368 1047 1417 Archidiaconis,
1056 1367 1333 1416 Officialibus,
1342 1367 1525 1408 Decanis
1538 1366 1762 1414 ruralibus,

247 1434 510 1483 Rectoribus,
531 1434 715 1475 Vicariis
746 1438 789 1474 et
811 1433 1056 1487 Capellanis
1086 1432 1402 1487 parochialibus
1434 1437 1477 1473 et
1506 1433 1553 1472 in
1576 1431 1762 1485 Capellis

247 1500 397 1540 divina
410 1500 735 1549 celebrantibus,
752 1513 920 1541 necnon
937 1499 1032 1540 aliis
1046 1499 1256 1540 universis
1278 1499 1551 1540 ecclesiarum
1564 1498 1761 1552 praelatis,

246 1570 336 1606 tam
369 1565 579 1619 exemptis
610 1579 739 1619 quam
778 1579 865 1606 non
896 1565 1118 1618 exemptis,
1149 1579 1224 1619 per
1255 1565 1498 1614 Civitatem,
1528 1564 1761 1605 Dioecesim

246 1635 289 1672 et
310 1631 579 1673 Provinciam
599 1631 722 1673 Ebor.
755 1631 1014 1680 constitutis,
1036 1630 1108 1672 sal.
1141 1631 1187 1671 in
1218 1630 1484 1684 amplexibus
1517 1629 1760 1671 Salvatoris.

247 1698 499 1739 Caelestibus
521 1697 685 1738 civibus
706 1700 875 1751 gratum
896 1697 983 1738 fore
1004 1697 1267 1738 attendimus
1290 1696 1495 1751 quicquid
1515 1697 1568 1737 ad
1588 1696 1759 1737 laudem

246 1767 289 1804 et
310 1764 514 1804 honorem
536 1763 789 1804 Sanctorum
818 1763 1061 1804 concivium
1090 1763 1136 1803 in
1167 1763 1323 1816 quibus
1353 1763 1557 1817 gloriatur
1585 1762 1760 1803 Altissi—

246 1843 342 1870 mus
371 1830 520 1883 gratiae
550 1829 839 1882 impendimus
872 1832 914 1870 et
945 1829 1114 1878 favoris,
1136 1829 1261 1883 quod,
1282 1829 1515 1883 praesertim
1536 1829 1638 1869 dum
1668 1828 1760 1869 loca

245 1895 504 1936 venerabilia
525 1895 680 1948 quibus
702 1908 831 1935 sacrae
851 1895 1041 1947 ipsorum
1062 1895 1305 1935 conduntur
1333 1895 1523 1948 reliquiae
1543 1895 1758 1948 spiritual-

245 1962 342 2002 ibus
383 1960 651 2001 munusculis
700 1960 1008 2013 prosequimur,
1049 1961 1264 2014 acceptius
1305 1961 1514 2001 credimus
1554 1974 1756 2002 exercere.

248 2027 358 2067 Cum
392 2027 538 2079 itaque
572 2025 720 2066 dilecti
755 2025 801 2065 in
838 2025 1008 2066 Christo
1045 2026 1136 2076 filii,
1171 2025 1375 2080 Religiosi
1406 2026 1501 2075 viri,
1533 2026 1678 2067 Abbas
1714 2030 1757 2068 et

246 2093 492 2134 Conventus
524 2091 776 2132 Monasterii
806 2092 858 2132 de
888 2091 1107 2146 Whiteby,
1128 2095 1283 2133 nostrae
1313 2092 1551 2141 dioeceseos,
1584 2092 1756 2133 Ordinis

247 2158 285 2198 S.
328 2157 562 2206 Benedicti,
603 2157 768 2198 dictum
808 2157 1020 2198 Mon'ium
1059 2171 1185 2198 suurn
1225 2158 1272 2198 in
1311 2157 1468 2198 honore
1504 2157 1755 2198 Sanctarum

244 2224 473 2278 Virginum
513 2223 659 2264 Hildae
695 2227 737 2264 et
773 2224 898 2277 Begae
939 2227 1243 2274 constructum,
1283 2224 1336 2264 ad
1376 2224 1569 2265 decorem
1604 2224 1756 2264 domus

244 2290 422 2330 Domini
448 2302 572 2343 opere
602 2302 794 2343 reparare
817 2289 1026 2342 coeperint
1056 2292 1317 2343 sumptuose,
1339 2289 1393 2330 ad
1413 2290 1528 2343 quod
1560 2290 1755 2330 novimus

244 2356 435 2396 fidelium
456 2355 696 2396 subsidium
718 2358 1018 2409 opportunum,
1041 2369 1140 2396 cum
1170 2356 1223 2396 ad
1255 2356 1361 2397 dicti
1390 2356 1527 2409 operis
1559 2369 1754 2397 consum-

243 2422 476 2462 mationem
527 2421 738 2461 dictorum
787 2421 971 2462 Abbatis
1022 2426 1064 2462 et
1121 2421 1369 2463 Conventus
1429 2422 1609 2475 propriae
1667 2436 1755 2463 non

242 2489 478 2540 suppetunt
500 2486 740 2535 facultates,
762 2485 1034 2527 devotionem
1053 2490 1238 2527 vestram
1269 2487 1457 2528 studiose
1485 2501 1680 2541 rogamus
1711 2492 1754 2529 et

242 2552 289 2592 in
310 2552 496 2592 Domino
518 2551 802 2601 exhortamur,
823 2552 945 2592 vobis
967 2552 1164 2593 omnibus
1186 2555 1228 2593 et
1250 2552 1428 2606 singulis
1449 2553 1753 2594 nichilominus

242 2618 289 2658 in
318 2617 609 2658 remissionem
639 2617 937 2670 peccaminum
967 2622 1011 2658 et
1040 2617 1087 2658 in
1117 2618 1277 2659 virtute
1307 2623 1465 2659 sanctae
1500 2619 1753 2659 obedientiae

241 2684 419 2725 firmiter
447 2683 731 2737 injungentes,
761 2684 964 2736 quatinus
986 2683 1352 2738 quotienscunque
1381 2686 1410 2726 J
1413 2684 1477 2725 oh.
1500 2685 1552 2725 de
1572 2685 1752 2738 Lumby,

243 2749 444 2798 Clericus,
485 2749 737 2789 Procurator
775 2748 1024 2802 principalis
1065 2748 1171 2789 dicti
1211 2749 1433 2790 Monast’ii
1471 2762 1547 2802 per
1581 2749 1751 2789 eosdem

242 2813 423 2853 Abb’em
457 2817 500 2854 et
536 2813 666 2854 Conv.
703 2813 943 2866 specialiter
977 2813 1218 2866 deputatus,
1254 2814 1513 2854 substitutus
1545 2813 1615 2854 vel
1651 2815 1749 2855 sub-

241 2877 385 2919 stituti
406 2877 622 2931 coadjutor
642 2878 712 2919 vel
732 2878 998 2931 coadjutores
1019 2878 1123 2919 dicti
1144 2879 1173 2919 J
1177 2878 1368 2927 ohannis,
1389 2891 1486 2918 cum
1507 2877 1575 2918 his
1595 2878 1749 2919 litteris

242 2942 397 2983 nostris
419 2942 472 2982 ad
492 2955 567 2982 vos
589 2942 753 2982 venerit
773 2943 843 2983 vel
863 2943 1069 2992 venerint,
1091 2942 1282 2983 fidelium
1304 2942 1554 2983 elemosinas
1576 2943 1629 2983 ad
1659 2947 1749 2984 tam

244 3007 484 3061 sumptuosi
504 3006 641 3060 operis
661 3007 864 3048 fabricam
880 3007 1106 3062 petiturus,
1127 3011 1387 3061 recepturus,
1408 3011 1451 3049 et
1482 3008 1747 3058 collecturus,
