1889 3221
340 376 700 411 OARTULARIUM
726 374 994 408 ABBATHIAE
1021 374 1085 406 DE
1109 372 1358 405 WHITEBY.
1524 364 1604 400 653

91 488 347 529 liberalitate
378 487 534 527 nostris
565 485 814 526 Venerabili
835 485 881 524 in
904 483 1075 525 Christo
1096 482 1222 536 patri,
1243 481 1459 522 Willelmo
1479 481 1531 521 D.
1556 480 1606 521 G.

89 554 213 594 Ebor.
234 553 461 607 Archiep'o
479 556 555 594 etc.
574 555 616 593 et
633 552 722 592 suis
741 549 1067 598 successoribus,
1083 548 1195 589 Eccl.
1214 548 1338 589 Ebor.
1355 546 1608 600 Archiep’is,

90 619 137 659 in
167 633 311 660 annua
340 619 546 673 pensione
577 622 672 659 octo
702 630 943 657 marcarum
964 614 1265 656 solvendarum
1287 613 1511 667 Archiep'o
1532 613 1608 667 qui

91 699 166 738 pro
187 689 378 739 tempore
398 685 529 726 fuerit
550 685 597 725 in
618 697 733 737 perp.
756 683 802 723 in
824 682 946 723 festis
968 682 1088 722 Pent.
1107 685 1149 721 et
1166 680 1205 722 S,
1226 679 1407 720 Martini
1423 679 1469 719 in
1484 692 1607 733 yeme

92 750 216 791 annis
239 751 421 804 singulis
441 764 517 804 per
538 750 752 804 portiones
774 747 972 802 aequales,
994 751 1036 788 et
1058 746 1118 787 sic
1140 746 1258 786 omni
1280 759 1392 786 anno
1413 745 1459 785 in
1479 757 1609 799 perp,

91 815 206 869 apud
256 817 392 865 Ebor,
433 816 479 855 in
519 814 968 868 recompensationem,
1010 811 1309 853 allocationem
1350 824 1426 851 seu
1466 810 1607 851 subla-

91 881 254 922 tionem
284 881 471 922 laesionis
498 880 608 934 juris
640 879 765 934 praed.
789 879 891 919 D’ni
913 877 1142 931 Archiep’i,
1162 877 1275 918 Eccl.
1300 890 1385 917 suae
1407 877 1543 926 Ebor„
1565 880 1608 916 et

92 960 202 987 succ.
225 960 397 987 suorum
418 947 594 1000 imperp.
613 946 649 986 si
670 959 755 999 qua
776 948 984 993 causetur,
1000 943 1191 992 resultet,
1208 942 1275 991 sit,
1294 942 1384 983 sive
1405 946 1609 996 sequatur

94 1027 147 1053 ex
168 1013 511 1066 appropriatione
532 1011 735 1052 Ecclesiae
757 1010 807 1051 de
830 1010 975 1051 Semer
995 1023 1083 1050 suae
1103 1009 1225 1049 Ebor.
1249 1008 1462 1049 dioceseos
1485 1008 1608 1049 nobis

95 1079 216 1120 facta.
279 1079 332 1119 In
368 1079 490 1132 cujus
523 1091 553 1120 r.
585 1082 613 1119 t.
646 1077 720 1131 sig.
753 1089 979 1117 commune
1017 1075 1116 1128 Cap.
1150 1074 1285 1115 nostri
1325 1074 1608 1128 praesentibus

94 1145 380 1199 apposuimus.
440 1145 605 1185 Datum
640 1143 755 1197 apud
790 1142 997 1197 Whiteby
1033 1141 1204 1182 xxviimo
1235 1141 1303 1182 die
1334 1141 1492 1182 mensis
1523 1141 1609 1182 De-

95 1211 274 1252 cembris
296 1211 346 1253 A.
368 1211 420 1252 D.
444 1215 587 1251 M⁰cccO
611 1209 811 1250 vicesimo
833 1208 968 1249 tertio.

774 1325 924 1381 (Im.)

153 1427 412 1476 Willelmus,
442 1426 495 1468 D.
529 1426 579 1468 G.
611 1426 734 1467 Ebor.
757 1424 1009 1478 Archiep'us
1031 1426 1121 1473 eto„
1144 1423 1354 1477 Magistro
1376 1424 1537 1478 Rogero
1559 1425 1610 1465 de

96 1493 181 1541 Ak,
220 1493 421 1541 Diacono,
463 1506 507 1541 s.,
543 1506 600 1545 gr.
643 1495 685 1532 et
719 1491 1072 1533 benedictionem.
1134 1490 1201 1530 Ad
1238 1490 1610 1542 praesentationem

98 1559 230 1612 Relig.
262 1558 462 1607 virorum,
493 1558 672 1598 Abbatis
705 1561 747 1598 et
771 1557 900 1598 Conv.
923 1555 1076 1595 Mon’ii
1106 1555 1158 1596 de
1185 1555 1405 1609 VVhiteby,
1437 1556 1527 1610 [te‚]
1560 1556 1611 1597 de

96 1626 218 1679 cujus
254 1624 418 1665 meritis
455 1628 497 1664 et
528 1623 762 1664 virtutibus
795 1622 1005 1663 sinceram
1037 1620 1238 1662 fiduciam
1269 1621 1525 1671 obtinemus,
1558 1622 1612 1662 ad

98 1690 301 1731 vicariam
318 1690 414 1731 eccl.
433 1689 483 1730 de
502 1689 660 1738 Semer,
676 1692 831 1729 nostrae
847 1688 1071 1737 dioceseos,
1087 1690 1323 1737 vacantem,
1340 1687 1529 1729 caritatis
1547 1688 1612 1728 in-

98 1757 214 1797 tuitu
235 1755 505 1796 admittimus
527 1758 569 1796 et
589 1754 797 1795 vicarium
822 1758 1090 1807 perpetuum,
1112 1767 1209 1794 cum
1232 1767 1357 1794 onere
1378 1754 1613 1807 personalis

98 1822 351 1871 residentiae,
367 1822 494 1875 juxta
515 1821 695 1861 formam
716 1820 1036 1861 constitutionis
1059 1819 1207 1873 Legati
1228 1832 1354 1872 super
1375 1819 1454 1860 hoc
1476 1820 1615 1870 editae,

98 1888 366 1929 instituimus
381 1886 580 1928 canonice
596 1886 641 1926 in
658 1885 815 1927 eadem.
852 1885 971 1926 Vale.
1008 1886 1169 1925 Datum
1184 1884 1231 1924 in
1248 1884 1450 1938 Hospitio
1471 1889 1615 1926 nostro

98 1968 228 2008 prope
259 1953 700 2002 Westmonasterium‚
731 1965 759 1992 v
789 1951 893 1992 Idus
916 1950 1076 2000 Martii,
1098 1952 1146 1991 A.
1168 1965 1225 2006 gr.
1248 1956 1392 1992 M⁰ccc⁰
1412 1951 1614 1993 vicesimo

98 2021 235 2070 tertio,
257 2023 299 2061 et
321 2019 475 2061 Pontis.
498 2019 633 2060 nostri
654 2018 847 2072 septimo.
1059 2070 1062 2073 Δ

158 2087 287 2127 Mem.
320 2085 434 2139 quod
470 2084 630 2126 eisdem
665 2084 735 2124 die
770 2087 813 2124 et
848 2082 939 2124 loco
971 2082 1178 2135 scriptum
1199 2081 1283 2122 fuit
1303 2082 1615 2124 Archidiacono

101 2154 179 2194 Est
199 2152 358 2205 Riding
378 2151 448 2192 vel
469 2151 560 2205 ejus
578 2150 764 2191 Officiali
785 2149 839 2190 ad
859 2148 1151 2190 inducendum
1165 2148 1329 2189 dictum
1346 2149 1617 2202 Magistrum,

101 2218 170 2258 vel
201 2221 515 2271 procuratorem
546 2230 673 2257 suum
705 2216 797 2269 ejus
827 2214 1012 2263 nomine,
1036 2214 1082 2253 in
1114 2213 1321 2266 corporali
1351 2215 1615 2267 possessione

102 2283 227 2324 dictae
247 2283 417 2323 vicariae
439 2296 534 2322 cum
558 2282 645 2322 suis
662 2281 831 2334 juribus
855 2284 897 2320 et
918 2279 1194 2332 pertinenciis
1215 2278 1435 2319 universis.

571 2437 728 2478 DCIV.
753 2436 950 2490 (Melton,
968 2436 994 2476 f.
1021 2433 1153 2487 26212.)

163 2538 492 2581 Memorandum
523 2536 637 2590 quod
667 2536 732 2575 iiii
763 2534 945 2575 Kalend.
978 2533 1143 2587 Aprilis
1174 2533 1234 2573 ΑΟ
1255 2533 1306 2573 D.
1330 2539 1473 2574 M⁰ccc⁰
1494 2534 1616 2575 trice-

105 2606 211 2647 simo
234 2604 426 2658 septimo,
449 2602 562 2656 apud
580 2600 771 2649 Gawode‚
788 2599 1000 2640 Dominus
1022 2599 1140 2640 dedit
1159 2598 1379 2639 licentiam
1392 2598 1554 2640 Abbati
1575 2603 1618 2640 et

107 2672 237 2713 Conv.
279 2670 331 2711 de
366 2669 573 2721 Whiteby
609 2666 722 2720 quod
762 2666 855 2719 ipse
895 2665 1030 2719 possit
1059 2664 1244 2706 vendere
1286 2668 1328 2705 et
1363 2665 1417 2705 ad
1451 2665 1617 2706 firmam

105 2737 319 2778 dimittere
359 2735 524 2775 fructus
555 2733 754 2774 villarum
790 2731 842 2772 de
879 2731 1056 2785 Cayton,
1093 2729 1305 2784 Osgodby‚
1341 2730 1535 2784 Depdale
1576 2735 1618 2772 et

107 2802 359 2856 Kilwardby
380 2801 491 2841 infra
512 2798 754 2853 parochiam
776 2796 962 2838 ecclesiae
984 2796 1036 2837 de
1069 2795 1212 2836 Semer
1241 2796 1432 2850 personis
1453 2796 1617 2838 idoneis

107 2902 232 2944 bishop
258 2901 294 2934 of
318 2904 390 2933 two
416 2899 596 2942 chaplains
621 2901 658 2930 to
676 2907 775 2929 serve
794 2896 831 2928 in
848 2896 909 2928 the
926 2894 1058 2936 Chapel
1076 2894 1112 2926 of
1136 2894 1169 2926 S.
1191 2894 1292 2935 Mary
1311 2894 1378 2925 and
1398 2894 1430 2927 S.
1454 2894 1565 2926 Elena
1582 2896 1617 2927 in

107 2957 319 2999 Wykeham,
336 2958 491 2988 extracts
517 2955 607 2986 from
625 2953 739 2985 which
765 2950 974 2990 ordination,
1002 2950 1072 2982 and
1097 2951 1196 2981 notes
1215 2960 1258 2981 on
1284 2949 1322 2988 it,
1345 2950 1416 2981 will
1438 2950 1481 2982 be
1508 2951 1617 2983 found

110 3012 146 3043 in
164 3012 229 3045 No.
251 3012 353 3049 603A,
377 3009 614 3051 immediately
632 3007 828 3050 preceding.
