1889 3221
264 322 344 359 646
510 329 871 363 CARTULARIUM
897 329 1164 362 ABBATHIAE
1187 330 1252 363 DE
1273 330 1520 364 WHITEBY.

263 439 441 493 Angliae,
482 438 780 480 Illustrissimo
820 438 932 480 D'no
977 439 1199 481 Hiberniae
1248 443 1338 490 etc„
1377 439 1492 480 Duci
1531 437 1777 493 Aquitaniae

263 505 505 547 Willelmus
546 509 622 547 etc.
665 505 848 546 salutem
887 506 934 546 in
974 506 1036 547 Eo
1078 506 1148 547 cui
1188 506 1346 548 servire
1390 506 1662 560 prohompter
1712 507 1777 545 est

261 585 447 625 regnare.
529 571 640 621 Quia
670 577 851 612 vacante
891 585 1029 625 nuper
1068 572 1231 614 Mon'io
1282 573 1334 614 de
1373 573 1581 626 Whiteby
1621 575 1777 612 nostrae

261 638 487 679 dioeceseos
528 651 604 692 per
642 638 876 679 cessionem
917 638 1059 680 fratris
1100 639 1273 680 Thomae
1313 639 1366 680 de
1411 639 1592 688 Malton,
1630 636 1776 678 ultimi

261 703 444 744 Abbatis
465 704 667 758 ejusdem,
688 704 825 757 petita
850 717 874 745 a
894 705 1015 746 vobis
1038 708 1081 746 et
1101 705 1276 746 obtenta
1305 705 1481 747 licentia
1510 703 1706 759 eligendi,
1728 716 1776 743 ac

259 770 534 824 postmodum
565 770 763 811 electioni
794 770 918 811 factae
948 771 1000 811 de
1030 771 1159 812 fratre
1189 771 1350 812 Thoma
1381 771 1432 812 de
1462 768 1776 824 Haukesgarth,

260 836 468 877 monacho
490 836 594 877 dicti
616 836 771 877 Mon'ii
801 840 844 877 et
873 837 1074 891 professo,
1095 837 1142 877 in
1171 837 1385 879 Abbatem
1416 837 1606 892 ejusdem
1636 839 1779 877 vestro

260 902 374 956 regio
409 916 585 944 assensu
621 902 814 944 adhibito
850 908 893 944 et
929 903 1084 953 favore,
1126 903 1239 945 sicut
1279 917 1354 958 per
1387 907 1549 945 vestras
1580 905 1776 957 patentes

259 968 424 1009 litteras
445 969 546 1010 inde
567 969 689 1010 nobis
712 969 895 1010 directas
916 970 1220 1023 propendimus
1242 970 1472 1020 evidenter,
1493 982 1776 1024 processuque

261 1034 404 1075 debito
422 1039 464 1076 et
479 1035 588 1089 juris
606 1036 753 1076 ordine
764 1036 890 1089 juxta
905 1036 1158 1089 qualitatem
1179 1036 1313 1090 ipsius
1334 1036 1495 1091 negotii
1515 1041 1558 1077 et
1578 1038 1776 1076 naturam

262 1101 509 1151 observatis,
541 1101 793 1143 electionem
819 1102 870 1142 de
900 1102 1015 1143 dicto
1046 1102 1175 1143 fratre
1197 1103 1358 1143 Thoma
1388 1103 1589 1143 canonice
1618 1102 1776 1142 factam

261 1167 463 1208 duximus
478 1168 823 1217 confirmandam,
838 1168 1017 1209 liberam
1038 1168 1461 1218 administrationem,
1482 1171 1609 1222 prout
1625 1167 1679 1208 ad
1699 1180 1776 1207 nos

262 1233 460 1286 pertinet,
482 1234 528 1274 in
559 1234 855 1288 spiritualibus
887 1234 992 1275 dicti
1014 1235 1267 1276 Monasterii
1288 1235 1602 1275 committentes
1625 1234 1777 1282 eidem,

263 1303 415 1340 vestrae
435 1299 601 1353 placeat
618 1300 862 1354 Magestati,
879 1299 993 1353 quod
1009 1304 1201 1341 vestrum
1215 1300 1262 1340 in
1283 1301 1362 1341 hac
1378 1305 1497 1354 parte
1514 1301 1642 1342 fuerit
1663 1304 1777 1341 certa

260 1365 404 1418 ipsum
426 1366 582 1419 exequi
603 1379 700 1407 cum
721 1366 856 1420 gratia
878 1370 920 1407 et
941 1366 1093 1407 favore.
1155 1366 1387 1408 Conservet
1409 1381 1483 1408 vos
1511 1366 1713 1407 Ecclesiae
1734 1370 1777 1406 et

262 1427 526 1484 populo'suo
549 1431 668 1472 Deus
698 1445 774 1484 per
803 1436 995 1485 tempora
1026 1432 1238 1473 diuturna.
1299 1433 1462 1473 Datum
1493 1432 1607 1486 apud
1637 1432 1777 1485 Thorp

262 1509 392 1550 prope
446 1497 570 1539 Ebor.
617 1497 649 1538 ii
700 1497 881 1539 Kalend.
928 1497 1116 1552 Augusti
1161 1498 1213 1540 A.
1262 1498 1331 1540 Gr.
1380 1504 1523 1540 MOccc⁰
1574 1497 1776 1539 vicesimo

264 1562 462 1605 secundo.

345 1705 501 1746 PRIORI
522 1716 574 1746 ET
597 1705 855 1748 OONVENTUI
876 1718 932 1749 UT
955 1718 1039 1749 SIBI
1060 1717 1258 1748 PAREANT
1279 1718 1492 1755 TANQUAM
1513 1707 1692 1748 ΑΒΒΑΤΙ.

319 1812 565 1854 Willelmus
597 1816 674 1855 etc.
697 1813 865 1855 dilectis
897 1814 1010 1865 filiis,
1032 1814 1169 1855 Priori
1190 1818 1231 1856 et
1254 1815 1494 1856 Conventui
1524 1813 1777 1855 Monasterii

262 1878 314 1919 de
335 1878 554 1932 Whiteby‚
575 1883 732 1920 nostrae
753 1879 977 1930 dioceseos,
998 1880 1084 1930 sal„
1103 1895 1161 1934 gr.
1184 1884 1226 1922 et
1256 1881 1604 1922 benedictionem.
1665 1880 1776 1920 Prae-

262 1947 430 1986 sentata
464 1944 586 1985 nobis
628 1958 704 1998 per
745 1949 1057 1998 procuratorem
1091 1949 1281 1987 vestrum
1317 1947 1522 1988 electione
1551 1949 1694 1987 vestra
1723 1945 1777 1986 de

262 2009 417 2050 dilecto
469 2009 557 2050 filio
609 2010 738 2051 fratre
793 2011 955 2052 Thoma
1006 2011 1057 2052 de
1109 2012 1424 2066 Haukesgarth,
1474 2010 1776 2053 commonacho

261 2079 415 2124 vestro,
442 2074 488 2115 in
515 2077 708 2116 vestrum
734 2075 949 2117 Abbatem
980 2077 1245 2118 concorditer
1270 2077 1490 2128 celebrata,
1518 2080 1608 2118 tam
1637 2077 1776 2131 ipsam

263 2140 513 2182 electionem
555 2154 684 2194 quam
726 2155 953 2195 personam
993 2142 1119 2184 electi
1158 2143 1497 2184 examinavimus
1538 2143 1776 2197 diligenter,

264 2220 546 2261 processuque
567 2207 711 2248 debito
734 2210 777 2249 et
793 2208 903 2262 juris
928 2209 1076 2250 ordine
1101 2209 1229 2263 juxta
1250 2209 1503 2263 qualitatem
1533 2210 1701 2263 negotio
1732 2213 1775 2251 et

264 2275 463 2313 naturam
511 2272 559 2312 in
609 2272 807 2314 omnibus
857 2274 1103 2316 observatis.
1204 2275 1344 2325 Quare
1395 2275 1556 2316 dictum
1601 2275 1775 2316 fratrem

263 2338 470 2379 Thomam
490 2337 735 2380 invenimus
757 2352 847 2380 esse
877 2353 1102 2393 personam
1131 2340 1339 2390 idoneam,
1370 2344 1412 2381 et
1443 2340 1692 2382 electionem
1723 2341 1775 2382 de

263 2402 356 2456 ipso
397 2403 554 2443 factam
594 2403 675 2445 rite
715 2407 758 2445 et
799 2405 1000 2446 canonice
1036 2405 1304 2455 celebratam,
1339 2405 1477 2459 ipsam
1512 2406 1774 2457 electionem,

264 2468 577 2510 communicato
622 2469 968 2523 jurisperitorum
1017 2471 1207 2521 consilio,
1248 2471 1500 2512 auctoritate
1538 2471 1775 2525 pontificali

264 2534 466 2575 duximus
481 2534 824 2586 confirmandam,
839 2536 977 2578 eidem
992 2536 1124 2578 electo
1141 2550 1285 2578 curam
1302 2541 1344 2577 et
1364 2537 1775 2579 administrationem

263 2600 309 2640 in
335 2600 630 2654 spiritualibus
658 2607 700 2643 et
730 2603 1035 2657 temporalibus
1067 2603 1170 2644 dicti
1201 2603 1353 2645 Mon'ii
1373 2607 1583 2657 quantum
1613 2603 1666 2644 ad
1696 2616 1774 2644 nos

264 2665 420 2706 attinet
460 2667 784 2709 committentes.
860 2668 1066 2719 Quocirca
1105 2669 1226 2710 vobis
1266 2669 1518 2710 mandamus
1559 2669 1775 2722 quatinus,

266 2730 429 2771 dictum
459 2732 636 2773 fratrem
657 2733 863 2775 Thomam
887 2734 940 2776 de
961 2734 1265 2789 Haukesgarth
1284 2734 1331 2775 in
1352 2738 1541 2775 vestrum
1560 2734 1773 2775 Abbatem

266 2796 529 2838 reverentius
560 2797 848 2849 admittentes,
884 2800 1023 2841 eidem
1059 2814 1157 2841 cum
1190 2800 1428 2841 reverentia
1458 2804 1501 2840 et
1530 2799 1774 2841 humih'tate

265 2859 420 2901 debitis
470 2861 517 2902 in
566 2864 764 2906 omnibus
814 2879 909 2919 quae
959 2866 1127 2907 Sanctae
1177 2865 1409 2919 Religionis
1459 2865 1676 2906 honestati
1730 2870 1774 2907 et

265 2924 439 2977 Regulae
459 2931 611 2968 vestrae
632 2930 893 2971 conveniunt
914 2930 965 2972 de
987 2934 1136 2972 caetero
1155 2930 1350 2984 pareatis.
1395 2930 1558 2972 Valete.
1608 2931 1773 2973 Datum

264 2989 379 3043 apud
399 2990 539 3045 Thorp
560 3006 690 3047 prope
711 2994 835 3037 Ebor.
857 2995 891 3036 ii
912 2995 1094 3038 Kalend.
1116 2995 1299 3049 Augusti
1321 2999 1396 3037 etc.
