1889 3221
348 317 712 351 CARTULARIUM
737 316 1008 350 ABBATHIAE
1033 316 1098 349 DE
1124 315 1370 349 WHITEBY.
1535 307 1615 346 725

311 477 545 518 RECTORIAE
565 488 622 517 DE
644 477 835 518 WHITBY
857 487 949 517 CUM
970 486 1174 516 CAPELLIS
1195 485 1398 516 ANNEXIS.

156 566 223 607 De
243 581 271 608 v
287 567 330 608 li.
354 567 405 608 de
426 568 547 608 firma
572 567 780 608 Rectoriae
812 567 863 607 de
885 567 1067 620 Whitby
1088 566 1214 620 praed.
1238 579 1336 607 cum
1368 564 1543 619 capellis
1566 563 1618 604 de

97 633 264 688 Fyling,
287 634 489 683 Hastkar‚
511 634 771 688 Uglebarby,
791 633 1039 682 Asskedale,
1061 633 1256 686 Haselby
1278 637 1320 673 et
1340 631 1549 683 Dunsley,
1570 642 1618 669 ac

98 713 197 740 cum
227 700 424 741 omnibus
447 701 636 750 decimis,
659 700 947 741 oblationibus
971 703 1013 740 et
1043 698 1245 752 proficuis
1277 698 1435 739 eisdem
1465 696 1616 750 pertin.

96 766 210 816 ibid„
232 780 309 820 per
331 781 363 808 a.
387 767 578 808 solvend.
601 767 654 807 ad
675 767 700 806 f.
725 767 765 807 S.
788 765 926 806 Marci
946 765 1237 819 Evangelistae
1260 769 1302 805 et
1317 764 1355 805 S.
1372 762 1553 804 Martini
1573 762 1620 802 in

96 831 236 873 hieme
277 833 508 886 aequaliter,
550 833 611 874 sic
652 832 812 873 dimiss.
850 832 1024 872 Thomae
1056 831 1236 880 Brooke,
1270 830 1503 883 Armigero‚
1543 842 1619 882 per

96 897 259 940 indent.
281 899 360 940 sub
382 899 456 954 sig.
483 900 622 940 Curiae
642 899 872 952 Augment.
901 911 977 951 pro
1008 897 1190 938 termino
1221 896 1298 936 lxx
1328 909 1537 936 annorum
1568 897 1617 934 ut

100 963 268 1006 dicitur.

707 1022 884 1062 Summa
905 1035 933 1061 v
946 1020 1006 1062 li.1

666 1155 887 1196 VENmTIo
909 1163 1043 1195 BosoL

154 1237 315 1291 Aliqua
344 1238 535 1279 venditio
566 1237 682 1278 bosci
712 1237 814 1279 ibid.
847 1236 927 1277 hoc
959 1250 1070 1276 anno
1102 1249 1189 1275 non
1219 1234 1412 1275 redditur
1432 1247 1480 1275 eo
1503 1234 1616 1288 quod

96 1302 218 1344 nulla
237 1303 485 1357 hujusmodi
506 1304 698 1345 venditio
719 1303 831 1343 infra
852 1306 1024 1355 tempus
1045 1301 1175 1354 hujus
1193 1300 1378 1354 compoti
1400 1300 1512 1341 facta
1532 1300 1616 1340 suit

97 1381 173 1422 per
194 1382 367 1412 sacram.
387 1370 515 1424 praed.
537 1373 721 1423 comput.
747 1381 873 1422 super
893 1368 1008 1408 hunc
1031 1369 1290 1420 compotum.

672 1442 848 1483 Summa
868 1441 1043 1482 nullius.

630 1565 899 1612 PERQUISITA
920 1575 1076 1605 CURIAE.

156 1649 249 1690 Nec
268 1648 380 1689 redd.
403 1647 455 1688 de
475 1647 725 1701 perquisitis
748 1647 875 1688 curiae
896 1646 997 1688 ibid.
1019 1647 1100 1687 hoc
1122 1660 1233 1688 anno
1249 1662 1258 1698 3
1290 1660 1337 1688 eo
1359 1645 1473 1700 quod
1494 1644 1616 1685 nulla

97 1714 343 1768 hujusmodi
363 1713 480 1754 curia
500 1713 611 1754 infra
631 1717 804 1766 tempus
825 1713 953 1766 hujus
972 1726 1104 1766 comp.
1120 1716 1239 1754 tenta
1253 1713 1336 1754 fuit
1351 1726 1426 1767 per
1442 1725 1612 1753 sacram.

97 1779 331 1833 supradicti
352 1782 535 1833 eomput.
559 1792 686 1833 super
705 1778 820 1819 hunc
842 1782 1099 1832 compotum.

667 1861 845 1902 Summa
866 1860 1041 1902 nullius.

318 1942 494 1984 Summa
516 1941 660 1983 totalis
682 1943 879 1996 Receptae
900 1943 1046 1983 cxxxii
1062 1942 1103 1984 li.
1126 1942 1232 1983 xviii
1248 1956 1276 1984 s.
1300 1943 1343 1983 vi
1357 1943 1395 1984 d.

298 2066 535 2108 STIPENDIA
557 2077 739 2107 COMPUT.
763 2076 855 2107 CUM
875 2076 1086 2106 EXPENSIS
1108 2076 1398 2107 NECESSARIIS.

155 2157 278 2199 Idem
309 2161 493 2211 comput.
516 2157 562 2197 in
592 2156 713 2197 feodo
744 2156 861 2196 Wffl.
893 2156 1062 2205 Davell‚
1093 2156 1339 2209 Receptoris
1371 2160 1414 2196 et
1440 2155 1611 2197 Collect.

94 2222 207 2264 redd.
223 2226 266 2263 et
278 2223 384 2264 firm.
399 2222 591 2262 omnium
607 2224 650 2262 et
667 2221 769 2274 sing.
785 2220 1081 2269 dominiorum,
1094 2220 1392 2270 maneriorum,
1404 2224 1612 2261 terrarum

95 2292 138 2329 et
173 2291 525 2335 temsmentorum,
566 2299 613 2327 ac
655 2286 835 2326 aliarum
876 2285 1191 2338 possessionum
1232 2288 1274 2326 et
1314 2286 1608 2326 reventionum

96 2366 447 2408 quorumcunque
469 2352 581 2392 dicto
602 2365 738 2405 nuper
768 2350 929 2391 Mon'io
949 2350 1103 2404 pertin.
1126 2351 1179 2391 ad
1210 2350 1310 2392 xili.
1342 2352 1416 2391 xvi
1430 2365 1460 2392 s.
1480 2365 1555 2405 per
1575 2366 1608 2392 a.

97 2419 199 2460 solv.
240 2418 294 2459 ad
333 2418 441 2459 festa
481 2417 675 2458 Annunt.
718 2417 763 2456 Β.
806 2415 957 2456 Mariae
997 2415 1187 2470 Virginis
1228 2420 1271 2457 et
1308 2416 1347 2458 S.
1383 2417 1609 2459 Michaelis

96 2484 308 2538 Archang.
331 2483 561 2537 aequaliter,
577 2486 704 2536 prout
724 2496 799 2536 per
819 2482 1026 2535 scriptum
1047 2481 1146 2522 inde
1167 2482 1213 2522 in
1231 2482 1359 2523 Curia
1379 2482 1609 2537 Augment.

96 2554 255 2591 revent.
270 2562 433 2590 coronae
450 2548 536 2589 d'ni
551 2548 678 2602 Regis
694 2547 966 2588 irrotulatum
983 2547 1153 2600 plenius
1171 2552 1357 2601 apparet,
1373 2548 1418 2589 xi
1430 2549 1472 2590 li.
1490 2550 1564 2590 xvi
1578 2563 1608 2591 s.

155 2615 210 2655 In
240 2614 421 2667 stipend.
453 2613 595 2654 clerici
625 2613 755 2654 audit.
787 2612 1012 2653 scribentis
1049 2612 1164 2653 hunc
1195 2626 1327 2666 comp.
1350 2613 1402 2653 ad
1437 2613 1469 2653 ii
1482 2627 1512 2655 s,
1534 2627 1610 2667 per

97 2693 258 2721 annum
288 2683 413 2732 prout
444 2678 607 2719 clericis
629 2677 759 2718 audit.
792 2677 878 2717 d'ni
910 2677 1038 2731 Regis
1069 2677 1266 2718 Ducatus
1297 2678 1365 2718 sui
1396 2678 1608 2721 Lancastr.

96 2744 269 2785 allocari
290 2743 511 2785 consuevit
531 2743 576 2784 in
607 2742 787 2796 singulis
818 2741 1030 2795 computis
1061 2741 1360 2783 Ministrorum
1388 2743 1608 2784 domini—-

95 2811 187 2859 viz„
226 2810 273 2850 in
305 2809 555 2850 allocatione
590 2807 836 2861 hujusmodi
873 2806 1054 2860 stipend.
1093 2808 1328 2848 secundum
1364 2808 1528 2850 firmam
1566 2814 1606 2851 et

96 2875 295 2916 effectum
317 2879 437 2917 actus
458 2873 746 2922 Parliamenti‚
767 2873 842 2913 iis.

377 2948 389 2969 1
414 2948 488 2980 The
507 2959 582 2980 sum
603 2947 720 2979 stated
738 2947 775 2978 in
792 2946 980 2988 Dugdale's
1000 2946 1156 2979 abstract
1173 2947 1203 2979 is
1221 2950 1301 2980 1:50.

154 3013 246 3043 von.
269 3013 312 3044 ΙΙ,
410 3032 414 3035 »
1362 3008 1382 3041 2
1408 3016 1434 3043 Α
