1889 3221
214 367 295 404 538
455 376 815 409 OARTULARIUM
840 376 1108 409 ABBATHIAE
1133 378 1196 409 DE
1221 378 1464 411 WHITEBY.

216 483 382 525 Comite
416 485 758 540 Buk[ingham]‚¹
791 485 1015 527 avunculis
1047 487 1215 528 nostris.
1277 486 1457 528 Ricardo
1493 485 1727 535 Arundell',

214 549 404 591 Henrico
426 551 722 602 Northumbr.;
745 552 994 593 Comitibus.
1047 553 1232 607 Hugone
1254 552 1305 593 de
1327 553 1520 607 Segrave,
1541 552 1728 593 Thesau-

214 615 322 655 rario
355 620 511 658 nostro.
571 617 770 658 Johanne
806 618 857 659 de
890 618 1041 659 Monte
1076 618 1229 668 Acuto,
1258 618 1497 660 Senescallo
1534 617 1729 672 Hospitii

214 681 360 721 nostri.
421 682 613 723 Waltero
636 683 687 724 de
709 683 938 737 Skirlagh‚2
960 684 1146 725 Custode
1167 684 1324 738 privati
1347 685 1478 738 sigilli
1499 684 1655 724 nostri:
1686 687 1729 724 et

215 746 322 788 aliis.
398 747 563 788 Datum
599 762 674 802 per
706 763 882 789 manum
923 753 1124 799 nostra-m,
1157 750 1271 803 apud
1303 751 1494 799 WVestm„
1526 748 1727 790 vicesimo

214 825 328 853 nono
350 813 418 853 die
442 814 637 855 Octobris
659 814 786 855 Anno
808 829 836 856 r.
861 815 997 856 nostri
1018 819 1137 856 sexto
1162 815 1323 869 [1382]

273 878 364 919 Nos
405 884 559 929 autem,
592 880 854 930 donationes,
886 881 1179 922 concessiones
1211 885 1254 922 et
1295 880 1648 929 confirmationes,
1685 883 1729 920 et

215 944 404 997 quietam
438 945 712 987 clamantiam
748 947 972 1001 praedictas
1004 952 1117 989 ratas
1153 947 1359 988 habentes
1397 950 1440 988 et
1475 951 1628 1001 grataS,
1659 959 1728 986 eas

215 1023 290 1062 pro
331 1011 453 1051 nobis
495 1015 538 1052 et
583 1012 680 1053 haer.
723 1013 892 1062 nostris,
933 1016 1145 1066 quantum
1185 1013 1232 1053 in
1272 1013 1394 1053 nobis
1441 1016 1517 1062 est,
1558 1011 1726 1052 dilectis

216 1076 339 1117 nobis
369 1077 416 1117 in
451 1077 633 1128 Christo,
663 1093 779 1119 1111110
815 1079 978 1119 Abbati
1011 1084 1054 1120 et
1091 1079 1222 1120 Conv.
1255 1079 1339 1119 loci
1369 1078 1508 1132 praed„
1541 1081 1584 1119 et
1616 1091 1726 1118 51100.

216 1142 317 1191 51115,
338 1143 612 1193 ratificamus,
633 1145 928 1198 approbamus,
957 1159 1083 1195 00110,
1105 1150 1148 1186 et
1169 1145 1289 1194 confi,
1311 1145 1423 1185 sicut
1453 1148 1579 1185 cartae
1600 1143 1726 1197 praed.

216 1208 526 1250 rationabiliter
556 1215 782 1252 testantur.
858 1212 1077 1261 Praeterea‚
1117 1211 1310 1252 volentes
1352 1211 1452 1252 eisd.
1486 1210 1649 1251 Abbati
1684 1213 1728 1250 et

220 1274 352 1315 Conv.
394 1275 577 1328 gratiam
617 1277 663 1316 in
708 1276 788 1318 hac
818 1282 938 1331 parte
979 1278 1115 1318 facere
1151 1277 1402 1326 uberiorem,
1443 1276 1728 1318 concessimus

216 1340 276 1379 eis
309 1343 350 1380 et
376 1340 414 1381 h.
438 1355 470 1382 0.
502 1345 647 1382 nostra
678 1342 799 1392 confi,
828 1356 904 1396 pro
935 1343 1058 1383 nobis
1090 1346 1132 1383 et
1162 1343 1261 1384 haer.
1283 1343 1453 1391 nostris,
1484 1342 1597 1396 quod
1628 1342 1730 1382 licet

216 1406 299 1460 ipsi
339 1408 410 1448 vel
449 1409 684 1461 predecess.
718 1409 786 1450 sui
827 1409 972 1463 aliqua
1011 1410 1082 1450 vel
1113 1409 1331 1463 aliquibus
1370 1409 1620 1449 libertatum
1659 1408 1730 1448 vel

216 1473 548 1526 quietantiarum
585 1475 631 1515 in
664 1475 762 1516 dict.
795 1476 922 1517 cartis
954 1479 1254 1517 contentarum
1286 1476 1428 1530 aliquo
1466 1489 1565 1516 casu
1596 1488 1728 1516 emer-

215 1543 342 1593 gente
377 1541 586 1581 hactenus
622 1541 749 1595 plene
785 1542 853 1582 usi
883 1556 972 1582 non
1004 1542 1177 1591 fuerint,
1213 1542 1296 1595 ipsi
1327 1546 1474 1582 tamen
1506 1541 1651 1582 Abbas
1685 1545 1728 1581 et

217 1606 348 1647 Conv.
364 1610 406 1647 et
428 1621 572 1647 eorum
589 1621 698 1648 succ.
713 1607 983 1648 libertatibus
1006 1612 1050 1648 et
1071 1607 1321 1661 quietantiis
1342 1608 1431 1648 illis
1448 1611 1491 1648 et
1513 1607 1727 1661 aliquibus

215 1685 360 1712 earum
382 1673 566 1726 qualiter
583 1673 633 1714 de
655 1677 804 1715 caetero
835 1674 961 1727 plene
981 1674 1196 1728 gaudeant
1218 1677 1259 1714 et
1279 1677 1457 1714 utantur
1487 1673 1578 1714 sine
1610 1686 1729 1713 occa-

216 1738 335 1778 sione
369 1738 438 1779 vel
465 1738 776 1792 impedimento
811 1739 944 1780 nostri
975 1739 1045 1780 vel
1072 1739 1169 1780 haer.
1207 1744 1459 1788 nostrorum,
1492 1738 1731 1780 Justiciari-

216 1817 347 1852 orum,
368 1803 654 1853 Escaetorum,
677 1808 765 1854 etc,
787 1809 1029 1846 nostrorum
1051 1819 1413 1859 quorumcunque.
1473 1806 1531 1845 Et
1543 1805 1728 1857 insuper,

216 1868 269 1908 ob
291 1869 573 1909 reverentiam
603 1869 699 1918 Dei,
721 1869 772 1909 de
793 1870 931 1923 gratia
962 1873 1106 1910 nostra
1126 1870 1302 1923 speciali
1333 1869 1630 1918 concessimus,
1649 1882 1727 1922 pro

216 1933 338 1974 nobis
370 1936 412 1973 et
433 1934 531 1974 haer.
564 1934 731 1983 nostris,
761 1935 949 1988 praefatis
982 1949 1097 1975 nunc
1118 1935 1276 1976 Abbati
1302 1938 1344 1975 et
1376 1935 1519 1983 Conv„
1541 1938 1583 1975 et
1613 1948 1724 1976 succ.

214 1999 314 2047 suis,
350 1998 464 2052 quod
499 1998 583 2052 ipsi
611 1999 798 2040 habeant
834 2000 1078 2040 omnimoda
1114 2000 1225 2040 bona
1266 2003 1307 2040 et
1345 2000 1500 2041 catalla
1535 1999 1727 2040 omnium

217 2064 408 2105 felonum
430 2069 472 2105 et
501 2065 782 2119 fugitivorum
798 2065 1042 2119 adjudicata
1073 2069 1115 2106 et
1136 2065 1421 2120 adjudicanda
1449 2066 1499 2107 de
1530 2066 1729 2106 omnibus

216 2131 461 2171 hominibus
498 2134 540 2171 et
572 2131 819 2171 tenentibus
853 2131 954 2181 suis,
988 2145 1036 2172 ac
1070 2131 1178 2181 aliis,
1211 2145 1337 2185 super
1369 2131 1492 2172 terris
1529 2136 1571 2172 et
1604 2131 1729 2172 d’niis

217 2196 408 2250 ipsorum
437 2196 621 2237 Abbatis
654 2202 696 2238 et
720 2197 852 2238 Conv.
874 2202 918 2238 et
949 2211 1059 2238 succ.
1081 2211 1254 2238 suorum
1285 2197 1568 2238 residentibus
1589 2197 1728 2251 inper-

217 2265 396 2315 petuum
410 2262 550 2302 z—Ita
571 2262 685 2316 quod
715 2263 882 2316 praefati
903 2263 1050 2304 Abbas
1082 2266 1124 2304 et
1146 2263 1276 2304 Conv.
1299 2266 1341 2304 et
1361 2277 1470 2304 succ.
1494 2263 1560 2303 sui
1580 2277 1654 2317 per
1685 2276 1729 2303 se

220 2341 294 2368 seu
316 2341 390 2381 per
404 2327 620 2369 ministros
637 2342 747 2378 suos,
769 2329 1009 2382 cujusmodi
1030 2329 1142 2369 bona
1163 2332 1206 2369 et
1227 2328 1382 2369 catalla
1403 2329 1557 2378 seisire,
1577 2328 1730 2378 levare,

218 2393 443 2446 percipere,
465 2396 507 2434 et
527 2394 681 2435 habere
702 2394 870 2448 possint
891 2394 944 2434 ad
966 2408 1071 2448 opus
1093 2408 1230 2443 suum,
1251 2394 1343 2435 sine
1365 2394 1633 2448 impetitione
1654 2408 1728 2435 seu

218 2458 526 2511 impedimento
560 2460 696 2500 nostri
725 2460 795 2500 vel
827 2460 925 2501 haer.
958 2464 1212 2509 nostrorum,
1243 2460 1409 2509 ι11151510,
1442 2461 1729 2508 Escaetorum,

219 2527 309 2572 etc,
340 2537 701 2579 quorumcunque.
765 2525 863 2566 Hiis
895 2526 1087 2566 testibus.
1149 2526 1354 2567 Venerab.
1377 2526 1569 2579 patribus
1601 2525 1730 2579 [Wil-

221 2614 256 2645 of
281 2614 384 2645 Peter
401 2614 462 2645 the
488 2615 601 2656 Cruel,
620 2615 656 2648 in
674 2616 789 2648 whose
816 2616 911 2660 right
934 2617 977 2649 he
995 2618 1157 2649 assumed
1182 2618 1242 2650 the
1260 2617 1340 2650 title
1365 2618 1401 2650 of
1418 2618 1515 2660 King
1537 2617 1574 2649 of
1599 2617 1729 2649 Castile

219 2667 289 2698 and
307 2668 410 2700 Leon.

269 2720 282 2741 1
306 2722 466 2762 Thomas,
486 2723 567 2756 fifth
587 2736 649 2757 son
667 2725 703 2756 of
720 2726 870 2758 Edward
889 2735 958 2765 111.‚
973 2726 1114 2758 became
1131 2727 1213 2758 Earl
1231 2726 1267 2759 of
1284 2727 1524 2769 Buckingham
1547 2726 1646 2766 1377,
1662 2727 1731 2759 and

220 2776 325 2807 Duke
341 2776 376 2808 of
394 2777 599 2811 Gloucester
621 2782 721 2820 1385,
747 2781 816 2812 and
834 2781 925 2813 Lord
949 2782 1046 2824 High
1073 2781 1268 2814 Constable.
1320 2781 1486 2823 Engaged
1511 2780 1548 2812 in
1566 2784 1730 2813 constant

221 2830 394 2872 struggles
411 2832 500 2863 with
524 2834 679 2866 Richard
702 2844 757 2875 IL,
775 2835 819 2867 110
837 2847 909 2867 was
927 2838 964 2868 at
985 2836 1054 2868 last
1071 2835 1194 2876 seized,
1214 2838 1292 2867 sent
1313 2837 1350 2867 to
1367 2835 1490 2875 Calais,
1510 2835 1579 2867 and
1602 2838 1667 2877 put
1692 2838 1730 2867 to

224 2884 331 2916 death
349 2884 385 2915 in
407 2887 507 2920 1397.

269 2937 282 2958 2
306 2938 525 2972 Afterwards
540 2941 670 2984 Bishop
689 2943 725 2974 of
741 2944 909 2977 Durham.
960 2945 1016 2976 He
1033 2944 1173 2976 became
1187 2944 1316 2985 Bishop
1334 2943 1369 2975 of
1387 2943 1557 2975 Liohfield
1569 2943 1605 2975 in
1627 2945 1727 2983 1385,

221 3003 292 3025 was
309 2994 503 3026 translated
520 2998 557 3027 to
574 2996 663 3028 Bath
683 2998 753 3029 and
766 2998 875 3030 Wclls
892 2999 928 3030 in
950 3000 1049 3038 1386,
1065 2999 1133 3031 and
1151 3001 1188 3031 to
1206 2999 1363 3031 Durham
1381 2998 1416 3030 in
1438 3000 1536 3032 1388.
