1889 3221
250 264 329 301 716
491 273 850 307 CARTULARIUM
875 274 1142 308 ABBATHIAE
1167 275 1232 308 DE
1256 276 1502 309 WHITEBY.

252 380 549 423 Rammesdale
579 397 656 436 per
685 386 823 424 totum
854 397 907 425 ex
937 388 1056 438 parte
1087 385 1263 426 australi
1291 385 1421 425 rivuli
1451 383 1657 426 currentis
1688 396 1762 437 per

249 447 440 488 medium
460 449 735 502 Ramesdale5
766 453 808 491 et
828 450 1098 492 rationabilia
1116 452 1323 493 estoveria
1344 466 1421 492 sua
1441 452 1493 492 ad
1525 450 1759 492 ardendum

250 511 301 552 de
323 512 432 554 sicco
453 514 579 555 bosco
601 528 653 555 ex
669 519 788 569 parte
805 516 984 557 australi
996 517 1122 570 praed.
1137 517 1266 558 rivuli
1282 517 1379 558 visu
1399 517 1524 570 praed.
1541 515 1760 557 forestarii.

251 577 308 618 Et
337 591 413 631 pro
444 579 523 620 hac
545 581 827 631 concessione,
849 582 932 623 fine
954 585 996 623 et
1026 583 1249 624 concordia
1279 583 1392 623 idem
1415 582 1621 623 Ricardus
1643 580 1762 622 dedit

250 643 377 696 praed.
399 644 560 685 Abbati
581 660 717 686 unum
739 647 1004 700 spervarium
1034 662 1199 688 sorum:
1231 651 1273 689 et
1304 652 1506 702 praeterea
1535 647 1700 688 remisit
1720 649 1761 687 et

251 708 396 760 quieta
417 709 618 751 clamavit
639 711 692 752 de
714 725 759 752 se
781 716 824 752 et
844 712 940 753 haer.
967 713 1055 753 suis
1076 713 1202 767 praed.
1225 713 1385 754 Abbati
1407 718 1449 754 et
1469 713 1579 754 Eccl.
1603 726 1690 753 suae
1711 712 1760 752 de

252 772 474 828 Whyteby
495 779 634 816 totum
662 777 732 829 jus
755 780 797 817 et
819 777 1019 818 clamium
1042 778 1155 831 quod
1187 778 1339 819 habuit
1360 779 1405 818 in
1426 778 1643 819 estoveriis
1674 777 1761 818 suis

251 838 297 878 in
318 839 443 892 praed.
467 840 591 882 bosco
614 842 665 882 de
687 842 986 893 Middelwode,
1007 844 1126 884 salva
1146 844 1284 885 eidem
1316 845 1394 885 Ric
1427 878 1432 884 .
1468 878 1475 885 .
1509 877 1515 884 .
1548 858 1571 884 o
1594 847 1636 884 ct
1665 844 1761 883 haer.

253 903 341 944 suis
373 918 598 947 communa
627 912 812 961 pasturae
844 922 930 949 suae
961 909 1006 949 in
1036 910 1164 963 praed.
1196 910 1322 951 bosco
1353 910 1405 951 de
1435 909 1691 951 Midelwode
1722 913 1764 949 et

255 969 352 1011 aliis
373 971 500 1025 praed.
523 972 660 1015 boscis
681 974 1007 1028 imperpetuum.

329 1185 591 1228 DCXLVII.
627 1187 958 1235 INQUISITIONES
979 1200 1038 1229 AD
1061 1200 1176 1236 Quoi]
1198 1200 1406 1240 DAMNUM,
1429 1192 1498 1232 7-9
1521 1191 1641 1233 EDW.
1664 1202 1690 1232 1.

312 1300 459 1341 Abbas
481 1301 533 1342 de
554 1302 777 1357 Wytheby
797 1306 1082 1346 summonitus
1104 1306 1188 1346 fuit
1218 1306 1271 1346 ad
1292 1306 1633 1360 respondendum
1653 1306 1764 1346 D’no

256 1366 361 1419 Regi
397 1366 448 1408 de
481 1368 639 1421 placito
673 1383 757 1423 quo
780 1374 989 1411 warranto
1022 1371 1178 1412 clamat
1207 1371 1359 1412 habere
1385 1385 1592 1412 wreccum
1625 1372 1766 1420 maris,

256 1446 520 1473 warrennam
540 1434 587 1474 in
608 1435 730 1476 terris
762 1435 862 1485 suis,
883 1439 925 1477 et
946 1436 1044 1476 t'ras
1076 1450 1172 1477 suas
1195 1437 1360 1490 quietas
1382 1451 1406 1477 a
1427 1441 1539 1478 secta
1562 1438 1608 1477 in
1639 1437 1767 1478 comi—

255 1502 347 1538 tatu
370 1498 452 1539 isto
474 1499 565 1540 sine
585 1499 772 1550 licentia,
793 1506 883 1551 etc„
903 1515 978 1555 per
1000 1516 1134 1542 unum
1155 1502 1302 1543 breve:
1335 1506 1378 1543 et
1399 1516 1473 1556 per
1493 1502 1610 1543 aliud
1630 1503 1770 1550 breve,

255 1578 339 1617 quo
361 1569 570 1606 warranto
602 1570 721 1607 tenet
753 1567 858 1608 duas
890 1573 1106 1609 carucatas
1128 1568 1226 1617 t’me,
1248 1582 1346 1609 cum
1375 1572 1493 1622 pert„
1513 1569 1559 1609 in
1590 1582 1686 1610 soca
1716 1568 1768 1608 de

256 1630 452 1684 ScaUeby
473 1645 567 1685 quae
588 1635 690 1672 sunt
711 1632 762 1673 de
784 1633 962 1687 antiquo
984 1633 1197 1674 dominico
1220 1634 1395 1675 Coronae
1416 1634 1504 1674 d’ni
1525 1634 1661 1687 Regis.

314 1696 371 1736 Et
400 1696 546 1738 Abbas
578 1711 654 1750 per
683 1702 835 1739 attorn.
859 1712 997 1748 suum,
1028 1699 1167 1752 quoad
1198 1699 1387 1752 primum
1417 1699 1553 1748 breve,
1574 1699 1706 1748 venit,
1727 1704 1770 1739 et

257 1761 362 1802 dicit
398 1763 512 1815 quod
545 1763 703 1804 clamat
738 1764 893 1805 habere
930 1778 1138 1805 wreccum
1174 1765 1302 1805 maris
1337 1779 1412 1818 per
1447 1770 1607 1806 cartam
1642 1764 1769 1818 Regis

259 1827 446 1876 Henrici,
467 1828 613 1881 proavi
643 1829 730 1868 d'ni
752 1830 879 1883 Regis
901 1844 1027 1879 nunc,
1050 1844 1178 1883 quam
1208 1831 1378 1883 profert,
1400 1835 1443 1871 et
1465 1844 1558 1884 quae
1588 1833 1771 1871 testatur

258 1893 372 1946 quod
393 1893 507 1933 idem
529 1894 659 1934 Henr.
677 1894 770 1934 Rex
793 1895 987 1935 concedit
1002 1896 1094 1935 Deo
1116 1899 1157 1935 et
1178 1896 1290 1937 Eccl.
1310 1896 1348 1936 S.
1367 1896 1483 1936 Petri
1504 1899 1546 1936 et
1568 1896 1607 1936 S.
1626 1896 1770 1936 Hildae

260 1959 312 1999 de
335 1958 543 2011 Witheby
564 1962 738 2012 portum
774 1960 903 2000 maris
935 1974 1032 2001 cum
1062 1960 1157 2014 alga
1177 1974 1253 2014 per
1283 1965 1418 2001 totam
1449 1966 1604 2001 terram
1636 1974 1767 2001 suam.

263 2023 432 2064 Clamat
468 2023 597 2064 etiam
634 2023 790 2065 habere
823 2038 1088 2065 warrennam
1120 2026 1167 2065 in
1199 2025 1348 2066 d’nicis
1381 2026 1502 2066 terris
1536 2026 1623 2066 suis
1663 2040 1769 2079 quas

261 2088 391 2129 habet
412 2088 462 2129 de
485 2088 593 2129 dono
610 2089 820 2130 Willelmi
837 2090 888 2130 de
905 2091 1040 2144 Percy
1057 2094 1099 2131 et
1119 2091 1251 2130 Alani
1271 2090 1349 2130 filii
1365 2091 1401 2144 ej
1409 2105 1467 2140 us,
1485 2091 1771 2141 fundatorum,

262 2159 356 2203 etc„
393 2168 522 2208 quam
557 2168 673 2195 nunc
702 2155 862 2208 profert
895 2156 988 2209 [et0.‚
1020 2156 1095 2198 No.
1129 2158 1180 2197 27
1218 2157 1365 2197 recitati
1404 2157 1452 2197 in
1491 2157 1688 2210 extenso]:
1729 2162 1772 2198 et

263 2219 432 2261 nullum
467 2220 648 2273 speciale
679 2225 938 2261 warrantum
969 2222 1020 2262 de
1051 2236 1271 2262 warrenna
1300 2222 1496 2263 habenda
1531 2223 1771 2263 ostendunt.

263 2287 319 2326 Et
341 2286 545 2339 quaesitus
567 2286 603 2326 si
625 2286 781 2327 clamat
797 2286 950 2328 habere
971 2301 1235 2328 warrennam
1256 2292 1299 2328 et
1319 2288 1528 2337 forestam,
1545 2293 1589 2329 et
1609 2302 1656 2329 ea
1677 2302 1772 2341 quae

263 2352 479 2405 pertinent
508 2351 563 2392 ad
592 2365 709 2393 warr.
733 2356 775 2392 et
805 2353 1015 2402 forestam,
1037 2353 1083 2393 in
1112 2353 1309 2394 omnibus
1330 2353 1418 2394 t'ris
1449 2357 1491 2394 et
1521 2353 1654 2394 feodis
1685 2358 1773 2394 tam

265 2416 446 2457 aliorum
478 2430 607 2469 quam
641 2417 823 2470 propriis
859 2417 971 2458 infra
991 2422 1126 2459 metas
1159 2418 1383 2471 praedictas
1414 2419 1638 2468 contentis,
1669 2419 1774 2459 dicit

266 2482 380 2535 quod
413 2481 483 2530 sic,
504 2485 787 2535 praeterquam
819 2483 866 2522 in
898 2483 1083 2536 quadam
1113 2487 1224 2524 terra
1253 2483 1464 2524 Willelmi
1495 2484 1547 2524 de
1579 2484 1773 2525 Roselesl

267 2560 361 2600 quae
391 2550 567 2587 vocatur
598 2547 799 2601 Haselby.
861 2548 918 2588 Et
939 2561 1065 2602 super
1085 2548 1163 2589 hoc
1194 2548 1314 2589 venit
1334 2548 1508 2602 quidam
1529 2549 1773 2590 Willelmus

314 2669 325 2689 1
356 2670 562 2709 “ASILABY,
584 2670 1044 2702 NEWTON-OTHENBRUCHE
1061 2672 1098 2702 et
1115 2670 1351 2702 THORNETON.
1403 2669 1602 2701 Willelmus
1619 2670 1662 2701 de
1687 2670 1772 2702 Ros-

269 2724 350 2755 sens
366 2726 464 2756 tenet
481 2727 551 2756 tres
569 2727 684 2766 partes
702 2725 807 2757 unius
825 2725 928 2764 feodi,
947 2725 990 2756 de
1007 2725 1102 2756 dicta
1126 2725 1331 2756 haereditate
1351 2724 1471 2764 (haeres
1487 2724 1707 2755 Marmaduei
1732 2724 1775 2756 de

270 2779 454 2820 Thwenge,
471 2779 531 2821 qui
549 2782 602 2811 est
619 2779 655 2811 in
673 2780 832 2811 custodia
849 2780 982 2811 domini
998 2780 1102 2821 regis)
1117 2779 1153 2810 in
1172 2779 1342 2820 Asillaby‚
1357 2778 1774 2820 Neweton-Othenbrugh

269 2836 305 2865 et
323 2833 544 2872 Thorneton;
574 2835 665 2866 unde
682 2846 704 2866 x
723 2845 788 2866 car.
807 2837 908 2866 terrae
925 2835 1061 2867 faciunt
1085 2835 1227 2866 feodum
1252 2834 1375 2865 militis
1390 2845 1398 2873 ;
1423 2836 1458 2865 et
1476 2833 1592 2864 reddit
1608 2843 1670 2874 per
1694 2844 1771 2866 ann.

271 2887 412 2920 domino
429 2888 500 2930 regi
519 2899 580 2929 pro
598 2888 665 2920 fine
684 2900 737 2921 vs.
759 2889 1068 2930 xd.⁷'—(Kirkby's
1087 2890 1231 2930 Inquest,
1255 2889 1344 2926 128.)
