1889 3221
322 366 683 399 OARTULARIUM
710 365 979 399 ABBATHIAE
1006 365 1069 397 DE
1094 365 1340 398 WHlTEBY.
1519 356 1599 393 547

87 489 116 516 s.
140 490 191 525 n.,
214 476 513 518 officiariorum
544 476 572 517 J
577 476 698 516 ustic,
733 479 776 516 et
798 475 1090 516 ministrorum
1121 479 1375 524 nostrorum,
1406 475 1445 515 h.
1469 474 1548 515 vel.
1571 486 1603 513 s.

86 555 125 582 n.
148 542 285 595 praed„
316 547 359 583 et
389 542 570 583 aliorum
600 541 765 590 Justio„
798 542 903 590 Esc.5
923 541 1077 591 Vicec.‚
1104 541 1432 591 Coronatorum„
1466 540 1604 588 Adur,

87 607 203 648 Gust.
228 607 405 657 March„
427 608 655 661 Majorum,
678 607 797 656 Ball„
820 607 1033 656 Constab.,
1056 620 1130 648 seu
1160 607 1319 648 minist.
1349 610 1605 654 nostrorum,

86 672 125 713 h.
142 673 212 714 vel
233 687 263 714 s.
285 687 337 723 n.,
359 686 724 727 quorumcunque,
745 673 846 713 licet
867 673 1114 726 hujusmodi
1135 673 1327 714 homines
1346 677 1388 714 et
1408 676 1605 714 tenentes

85 738 383 791 praedietorum
414 752 529 780 nunc
560 739 666 780 Abb.
700 743 743 780 et
775 739 918 788 COnV.‚
941 743 983 780 et
1005 753 1034 780 s.
1067 753 1240 780 suorum
1271 739 1503 787 residentes
1534 738 1604 779 vel

86 818 171 843 non
192 818 281 853 res„
302 818 377 845 seu
398 806 471 845 alii
493 818 568 845 res.
592 805 849 858 quicunque,
872 805 981 845 infra
1003 819 1051 846 ac
1082 819 1209 859 super
1230 806 1354 855 d’nia,
1375 805 1486 855 t’ras,
1506 808 1604 853 ten„

87 872 129 909 et
165 870 288 911 feoda
322 871 465 924 praed.²
502 870 553 911 de
590 870 722 919 nobis,
760 870 855 911 haer.
894 871 962 911 vel
996 885 1025 911 s.
1060 872 1227 921 nostris,
1263 885 1338 912 seu
1371 871 1422 912 de
1459 871 1604 924 aliqua

86 935 169 975 alia
204 936 272 977 vel
309 937 524 990 aliquibus
560 936 655 977 aliis
692 950 871 990 persona
905 937 975 978 vel
1010 937 1213 990 personis,
1247 937 1349 978 alibi
1376 938 1604 986 tenuerint,

87 1002 156 1043 vel
201 1016 347 1043 eorum
387 1003 543 1056 aliquis
581 1003 791 1044 tenuerit:
842 1003 945 1043 licet
986 1004 1115 1044 etiam
1156 1004 1286 1044 iidem
1327 1004 1521 1044 homines
1563 1009 1606 1044 et

86 1071 280 1109 tenentes
320 1068 553 1109 residentes
589 1068 658 1109 vel
692 1082 779 1108 non
811 1082 900 1118 res,
936 1068 1004 1110 vel
1049 1069 1124 1110 alii
1159 1083 1234 1111 res.
1272 1070 1413 1123 praed„
1456 1069 1606 1110 ballivi

87 1134 157 1175 vel
186 1134 374 1175 ministri
405 1134 618 1175 dictorum
658 1148 774 1175 nunc
807 1134 918 1175 Abb.
960 1138 1003 1176 et
1038 1135 1169 1176 Conv.
1200 1140 1243 1176 et
1278 1149 1386 1176 succ.
1420 1149 1607 1184 suorum,

87 1204 163 1240 aut
202 1199 384 1253 alicujus
435 1200 612 1241 alterius
662 1213 853 1253 personae
894 1201 1094 1250 existant,
1133 1201 1204 1242 vel
1254 1215 1400 1242 eorum
1450 1201 1607 1255 aliquis

88 1265 267 1307 existat:
303 1265 405 1306 licet
436 1265 566 1307 etiam
597 1265 728 1319 plegii
759 1265 838 1315 sui,
869 1270 1195 1320 manucaptores
1228 1266 1441 1308 dictorum
1470 1268 1608 1308 homi-

88 1345 193 1371 num
221 1334 264 1372 et
293 1332 536 1373 tenentium
561 1331 842 1372 residentium
876 1332 945 1373 vel
976 1346 1062 1373 non
1091 1346 1167 1374 res.
1197 1333 1509 1386 praedictorum,
1537 1334 1608 1374 vel

88 1396 269 1450 alicujus
303 1411 460 1447 eorum,
497 1397 548 1437 de
581 1397 717 1446 nobis,
752 1396 849 1437 haer.
882 1397 961 1438 vel.
994 1411 1024 1439 s.
1057 1412 1109 1447 n.,
1140 1398 1210 1439 vel
1240 1398 1386 1452 aliqua
1416 1399 1510 1448 alia,
1533 1413 1607 1440 seu

89 1462 304 1515 aliquibus
336 1463 430 1503 aliis
462 1476 643 1517 persona
663 1462 733 1503 vel
759 1463 952 1516 personis
978 1464 1082 1504 alibi
1113 1464 1342 1513 tenuerint,
1364 1465 1434 1505 νε]
1462 1478 1607 1506 eorum

89 1528 245 1581 aliquis
266 1528 463 1577 tenuerit,
486 1528 557 1569 vel
580 1527 703 1568 resid.
725 1528 796 1569 vel
824 1542 909 1568 non
938 1528 1074 1578 resid.‚
1095 1529 1283 1569 residens
1306 1534 1380 1569 aut
1405 1543 1491 1570 non
1515 1544 1609 1579 res,

90 1607 218 1647 super
252 1594 395 1634 omnia
429 1594 529 1634 t'ras
565 1597 607 1634 et
644 1593 769 1633 feoda
804 1593 930 1647 praed.
974 1607 1061 1634 non
1102 1594 1303 1644 existant,
1346 1609 1421 1636 seu
1462 1609 1608 1636 eorum

90 1659 247 1713 aliquis
272 1673 359 1700 non
391 1659 558 1700 existat.
621 1658 919 1699 Concessimus
945 1659 1075 1699 etiam
1106 1659 1266 1700 eisdem
1298 1674 1414 1701 nunc
1434 1661 1543 1702 Abb.
1567 1665 1610 1702 et

92 1725 222 1766 Conv.
246 1724 359 1778 quod
380 1724 475 1778 ipsi,
498 1728 538 1765 et
562 1737 670 1764 succ.
694 1724 762 1764 sui
792 1724 984 1777 imperp.‚
1010 1724 1098 1765 sint
1120 1725 1257 1778 quieti
1277 1725 1329 1766 de
1355 1726 1610 1766 omnimodis

92 1790 218 1831 sectis
241 1789 475 1839 Shirarum,
498 1789 748 1839 Civitatum,
779 1789 1126 1839 Hundredorum,
1153 1790 1546 1845 Wapentagiorum‚
1568 1795 1611 1833 et

91 1855 412 1910 Trithingorum
445 1859 699 1904 nostrorum,
733 1855 771 1896 h.
802 1859 844 1896 et
875 1869 905 1896 s.
938 1869 990 1905 n.,
1022 1869 1070 1896 ac
1102 1856 1154 1896 de
1185 1856 1335 1897 multis
1371 1871 1419 1898 ac
1447 1858 1612 1898 miseri-

92 1921 258 1970 cordiis,
288 1934 363 1974 per
402 1924 544 1961 totum
578 1934 757 1975 regnum
797 1925 991 1961 nostrum
1031 1921 1211 1975 Angliae,
1253 1927 1296 1963 et
1331 1923 1445 1976 quod
1479 1924 1612 1965 iidem

91 1986 238 2028 Abbas
260 1991 303 2027 et
325 1986 455 2028 Conv.
481 1990 523 2027 et
540 2000 649 2027 succ.
672 1986 740 2027 sui
760 1986 938 2040 imperp.
961 1987 1148 2028 habeant
1170 1991 1212 2029 et
1233 1989 1498 2031 constituant
1529 1991 1612 2031 sibi

93 2052 278 2094 Clericos
311 2052 493 2093 Mercati
523 2052 568 2092 in
592 2052 728 2100 d'niis‚
750 2052 851 2101 t'ris‚
873 2056 1026 2093 tenem.
1050 2056 1092 2093 et
1124 2052 1259 2094 feodis
1291 2054 1378 2095 suis
1408 2055 1547 2108 praed„
1569 2060 1612 2096 et

92 2118 207 2171 quod
226 2118 354 2159 iidem
379 2117 533 2167 clerici,
555 2121 598 2159 et
629 2131 773 2158 eorum
795 2118 989 2171 quilibet,
1010 2117 1198 2159 habeant
1219 2123 1262 2160 et
1282 2119 1436 2161 habeat
1465 2121 1612 2175 plena-

90 2184 199 2224 riam
238 2186 495 2237 potestatem
530 2182 756 2224 exercendi
791 2183 934 2223 omnia
967 2183 1015 2223 in
1052 2183 1189 2233 d’niis‚
1227 2185 1327 2234 t'ris‚
1363 2189 1531 2236 tenem„
1568 2191 1611 2228 et

93 2249 228 2290 feodis
268 2248 515 2302 hujusmodi
551 2262 645 2302 quae
681 2248 735 2289 ad
771 2248 958 2289 officium
1000 2249 1154 2290 Clerici
1195 2251 1379 2291 Mercati
1419 2252 1613 2305 Hospitii

93 2314 239 2363 nostri,
279 2314 319 2355 h.
356 2319 400 2355 et
436 2327 465 2355 s.
499 2328 553 2364 n.,
587 2314 806 2367 pertinent
838 2314 1072 2354 exercenda
1088 2315 1226 2356 z—Ita
1266 2317 1380 2369 quod
1422 2317 1611 2358 Clericus

95 2380 277 2421 Mercati
298 2379 490 2432 Hospitii
510 2378 658 2427 nostri,
679 2378 717 2419 h.
741 2383 784 2419 et
805 2392 834 2420 s,
868 2392 920 2428 n.,
942 2392 986 2419 se
1006 2379 1052 2418 in
1074 2379 1211 2429 d’niis,
1233 2380 1333 2430 t'ris,
1354 2385 1520 2431 tenem,
1542 2382 1613 2423 vel

93 2445 229 2486 feodis
260 2444 398 2498 praed„
430 2444 483 2484 ad
513 2443 688 2497 aliquod
719 2443 905 2484 officium
941 2444 988 2483 in
1024 2444 1137 2493 eisd,
1170 2445 1239 2486 vel
1277 2459 1421 2486 eorum
1457 2447 1613 2501 aliquo,

94 2509 339 2550 faciendum
374 2508 622 2549 nullatenus
656 2508 926 2549 intromittat.
987 2509 1043 2549 Et
1080 2510 1194 2562 quod
1224 2510 1354 2551 iidem
1386 2511 1532 2553 Abbas
1569 2518 1612 2554 et

96 2575 227 2616 Conv.
251 2579 294 2616 et
324 2587 433 2615 succ.
462 2574 530 2614 sui
560 2574 736 2627 imperp.
759 2573 945 2614 habeant
966 2575 1155 2628 proprias
1184 2576 1376 2629 prisonas
1407 2581 1450 2618 et
1469 2579 1612 2632 gaolas

95 2654 193 2682 suas
224 2641 271 2681 in
306 2640 422 2690 villa,
456 2640 655 2680 libertate
688 2653 736 2680 ac
769 2639 881 2680 d’nio
913 2653 988 2680 suo
1020 2640 1071 2680 de
1092 2640 1285 2694 Whitby,
1316 2656 1364 2683 ac
1396 2656 1492 2684 soca
1523 2645 1613 2686 sive

98 2705 302 2747 Stranda1
324 2705 514 2759 ejusdem
532 2708 682 2746 vocata
698 2704 1099 2758 VVhitby-strande3
1131 2719 1179 2746 ac
1200 2712 1457 2759 potestatem
1482 2711 1613 2764 assig—

145 2831 157 2851 1
182 2829 255 2861 The
268 2839 328 2861 use
342 2829 378 2861 of
389 2829 450 2861 the
462 2828 561 2861 word
580 2830 600 2846 ‘⁶
615 2828 745 2861 Strand
757 2827 775 2843 ”
794 2828 875 2860 here
894 2839 932 2860 as
943 2828 1185 2861 co-ordinated
1198 2829 1285 2862 with
1295 2841 1381 2872 soca,
1395 2832 1482 2865 both
1495 2833 1530 2865 in
1541 2834 1614 2866 this

97 2884 196 2926 place
208 2884 278 2916 and
291 2886 361 2916 two
376 2895 414 2915 or
423 2884 523 2916 three
536 2883 624 2916 lines
637 2883 754 2922 lower,
772 2883 800 2914 is
817 2883 902 2914 both
915 2883 1054 2915 curicus
1067 2883 1137 2915 and
1149 2883 1368 2929 interesting,
1386 2888 1615 2930 particularly

98 2938 203 2971 when
218 2939 248 2971 it
265 2938 294 2971 is
311 2939 419 2971 borne
435 2938 472 2970 in
489 2938 587 2970 mind
603 2939 686 2971 that
703 2938 854 2979 Whitby
872 2938 1003 2970 Strand
1021 2938 1169 2971 reached
1192 2940 1290 2982 eight
1314 2942 1413 2975 miles
1437 2943 1559 2976 inland
1576 2945 1612 2975 in

99 2992 224 3033 places,
243 2993 311 3025 and
331 2993 420 3025 from
439 2993 608 3034 Blawych
626 2993 693 3026 left
710 2993 771 3025 the
789 3004 847 3025 sea
865 2993 1025 3035 entirely,
1047 2993 1107 3025 the
1132 2993 1317 3038 bouudary
1334 2997 1485 3040 running
1509 2998 1612 3030 down
