1889 3221
328 376 688 411 OARTULARIUM
710 375 979 408 ABBATHIAE
1006 374 1070 406 DE
1094 373 1346 405 WHITEBY.
1522 365 1599 402 641

90 491 466 542 quantamcunque
495 486 652 540 poterit
682 488 997 540 competentem
1027 483 1143 524 dicto
1174 482 1295 523 fratri
1326 481 1498 522 Thomae
1529 495 1603 535 per

90 554 254 595 litteras
287 567 395 603 suas,
420 552 559 608 sigillo
581 552 797 594 communi
828 551 933 592 dicti
965 549 1219 591 Monasterii
1250 548 1530 602 consignatas,
1562 551 1604 588 et

90 620 203 674 quod
235 620 347 661 dicto
377 619 639 660 Monasterio
669 618 798 672 pleno
829 631 904 671 per
932 617 1127 657 futurum
1148 615 1364 656 Abbatem
1384 615 1459 655 fiat
1490 614 1604 654 dicto

92 686 265 727 Thomae
300 686 502 727 securitas
538 688 653 726 certa
688 688 730 725 et
766 683 979 725 sufficiens
1016 682 1068 723 de
1109 681 1305 723 omnibus
1342 684 1385 721 et
1425 680 1605 734 singulis

93 752 305 793 contentis
355 752 402 792 in
439 751 520 792 hac
560 750 827 792 ordinatione
868 752 1013 790 nostra
1052 762 1128 802 per
1167 747 1333 788 litteras
1375 746 1606 787 eorundem

93 818 276 859 Abbatis
297 821 340 859 et
357 818 615 866 Conventus,
631 816 761 871 sigilli
778 815 968 869 Capituli
989 814 1056 856 sui
1072 813 1307 855 communis
1329 812 1607 866 impressione

93 883 333 938 signandas,
363 883 409 923 in
444 883 573 924 fidem
609 886 651 924 et
691 881 994 923 certitudinem
1034 879 1362 934 praemissorum.
1424 879 1606 918 Tenores

94 963 193 991 vero
224 949 431 990 dictorum
463 948 847 1002 procuratoriorum
869 950 972 988 sunt
992 946 1100 987 tales
1116 945 1396 986 2—Noverint
1416 944 1608 984 universi

95 1016 134 1057 S.
166 1015 320 1056 Matris
350 1014 552 1056 Ecclesiae
582 1014 676 1063 filii,
707 1014 821 1068 quod
852 1027 939 1067 ego,
960 1012 1142 1052 Thomas
1174 1011 1226 1051 de
1257 1010 1439 1059 Malton,
1467 1009 1609 1062 provi-

94 1081 240 1122 dentia
259 1080 421 1121 Divina
441 1080 588 1121 Abbas
610 1079 862 1120 Monasterii
879 1078 931 1119 de
946 1077 1165 1131 Whiteby,
1183 1076 1359 1117 dilectos
1376 1075 1420 1115 in
1439 1075 1608 1116 Christo

93 1149 245 1189 fratres
267 1146 544 1201 Radulphum
560 1146 613 1187 de
629 1145 847 1200 Ellardby‚
864 1144 1064 1193 Priorem,
1080 1143 1286 1183 Thomam
1305 1142 1357 1182 de
1375 1141 1549 1190 Garton,
1567 1144 1609 1181 et

95 1213 285 1254 Alanum
301 1213 353 1255 de
370 1212 577 1267 Malteby,
594 1210 919 1253 commonachos
936 1209 1127 1264 ejusdem
1140 1208 1305 1257 Mon'ii‚
1318 1210 1609 1262 procuratores

96 1294 211 1321 meos
233 1283 276 1321 et
300 1279 474 1320 nuntios
504 1292 619 1320 meos
651 1277 854 1332 speciales
885 1276 1045 1325 ordino,
1076 1275 1185 1316 facio
1217 1278 1259 1315 et
1290 1273 1503 1315 constituo
1535 1287 1610 1327 per

96 1349 337 1399 praesentes,
373 1345 479 1386 dans
519 1347 563 1385 et
598 1344 834 1385 concedens
872 1342 1031 1383 eisdem
1073 1340 1347 1395 conjunctim,
1383 1342 1425 1380 et
1465 1352 1610 1380 eorum

96 1411 262 1452 duobus
293 1411 620 1465 quibuscunque
652 1423 758 1464 quos
793 1411 1026 1463 praesentes
1063 1420 1154 1448 esse
1191 1405 1425 1459 contigerit,
1460 1418 1536 1458 per
1565 1418 1610 1444 se

97 1477 270 1518 divisim
290 1477 337 1517 in
358 1476 553 1534 solidum,
573 1476 634 1516 ita
651 1475 764 1529 quod
786 1488 872 1515 non
894 1474 950 1514 sit
971 1472 1119 1514 melior
1141 1471 1327 1513 conditio
1351 1469 1611 1523 occupantis,

98 1543 173 1584 sed
193 1557 242 1584 ea
262 1556 357 1596 quae
386 1556 461 1596 per
492 1542 626 1582 dictos
656 1546 742 1582 tres
775 1539 1049 1593 conjunctim,
1081 1540 1155 1578 aut
1184 1551 1259 1591 per
1285 1537 1389 1577 duos
1419 1536 1612 1589 ipsorum

97 1609 269 1662 incepta
303 1608 475 1657 fuerint,
511 1607 585 1648 alii
627 1606 710 1647 duo
751 1605 998 1660 quicunque
1040 1617 1198 1653 eorum,
1239 1616 1344 1656 quos
1387 1601 1612 1655 contigerit

98 1677 328 1729 praesentes
350 1687 453 1723 esse,
474 1687 523 1714 ea
552 1672 751 1727 persequi
771 1671 944 1713 valeant
975 1674 1018 1711 et
1048 1669 1182 1718 finire,
1202 1668 1440 1723 generalem
1471 1671 1612 1721 potes-

99 1746 232 1782 tatem
272 1744 316 1781 et
355 1739 539 1793 speciale
583 1738 837 1779 mandatum
884 1750 1024 1778 coram
1063 1734 1313 1777 Venerabili
1353 1734 1399 1775 in
1442 1733 1612 1775 Christo

99 1811 220 1861 patre
256 1809 299 1847 et
339 1805 435 1846 d'no
475 1818 583 1854 meo,
621 1804 734 1844 D'no
770 1802 1003 1851 Willelmo,
1038 1802 1091 1843 D.
1130 1801 1178 1842 G.
1216 1800 1340 1841 Ebor.
1377 1799 1612 1853 Archiep'o,

100 1871 268 1925 Angliae
307 1870 508 1919 Primate,
549 1882 642 1910 meo
683 1867 856 1909 nomine
897 1865 1179 1921 comparendi,
1221 1879 1269 1906 ac
1318 1865 1365 1905 in
1414 1865 1613 1905 omnibus

101 1936 293 1990 negotiis,
314 1935 505 1977 articulis
527 1938 570 1977 et
590 1934 774 1988 querelis
805 1946 1029 1988 personam
1050 1946 1189 1973 meam
1215 1935 1258 1972 et
1288 1934 1449 1972 statum
1470 1944 1614 1972 meum

101 2007 144 2044 et
178 2001 284 2043 dicti
318 2000 573 2042 Monasterii
607 2013 747 2041 rerum
783 2003 825 2040 et
866 2011 1220 2053 quorumcunque
1256 1997 1307 2038 ad
1340 1997 1449 2037 illud
1484 1996 1614 2050 perti-

102 2068 299 2109 nentium
339 2067 694 2121 qualitercunque
744 2064 1104 2119 contingentibus,
1144 2063 1309 2117 agendi,
1359 2061 1615 2102 defendendi

102 2138 348 2187 statumque
378 2146 533 2182 meum,
554 2131 809 2172 Monasterii
831 2134 873 2172 et
893 2129 1204 2184 pertinentium
1230 2141 1403 2169 suorum
1433 2141 1616 2181 propon—

102 2199 215 2249 endi,
236 2198 460 2253 allegandi,
480 2197 731 2239 insinuandi
752 2200 795 2238 et
816 2195 1043 2250 detegendi
1074 2229 1081 2236 .
1115 2229 1122 2236 .
1157 2227 1164 2235 .
1186 2229 1195 2243 ‚
1218 2199 1260 2235 et
1281 2208 1360 2243 me,
1382 2197 1423 2234 et
1455 2196 1616 2234 statum

105 2279 260 2314 meum,
295 2264 549 2318 dignitatem
585 2266 628 2303 et
664 2262 850 2303 officium
884 2260 1069 2301 Abbatis
1104 2260 1239 2313 ipsius
1270 2257 1536 2306 Monasterii,
1568 2271 1616 2297 ac

104 2333 244 2371 totum
269 2329 341 2383 jus
377 2332 419 2369 et
448 2328 770 2382 possessionem,
801 2325 911 2380 quod
945 2329 988 2366 et
1018 2338 1113 2378 quae
1143 2323 1251 2363 mihi
1288 2322 1505 2376 competit,
1542 2326 1617 2362 aut

105 2396 471 2450 qualitercunque,
488 2396 529 2434 et
546 2406 597 2434 ex
614 2392 903 2446 qualicunque
919 2404 1046 2431 causa
1067 2389 1174 2430 mihi
1191 2392 1429 2442 competere
1450 2387 1618 2441 poterit,

105 2462 150 2502 in
192 2459 341 2509 officio,
382 2458 602 2513 dignitate,
643 2462 687 2498 et
727 2460 844 2498 statu
883 2455 1065 2496 Abbatis
1105 2454 1298 2508 praedicti
1340 2453 1503 2503 Mon’ii‚
1544 2457 1619 2494 aut

106 2526 461 2581 qualitercunque
500 2523 555 2564 ad
595 2536 654 2572 ea,
695 2535 771 2563 seu
821 2521 1045 2575 quodlibet
1094 2519 1350 2569 eorumdem,
1391 2532 1489 2560 cum
1529 2519 1618 2559 suis

106 2592 433 2646 quibuscunque
467 2588 754 2643 pertinenciis,
785 2586 1056 2636 ordinationi,
1092 2599 1167 2627 seu
1202 2585 1382 2634 decreto,
1417 2584 1545 2625 laudo
1577 2588 1620 2625 et

106 2659 232 2707 dicto,
272 2655 614 2710 pronuntiationi
649 2658 693 2695 et
732 2652 981 2694 diffinitioni
1030 2652 1222 2706 praedicti
1262 2650 1365 2691 D'ni
1403 2649 1620 2703 Archiep'i

107 2722 400 2771 submittendi,
440 2721 660 2775 ipsiusque
700 2719 1023 2767 ordinationem,
1063 2718 1283 2758 decretum
1323 2720 1397 2756 aut
1441 2715 1619 2756 laudum

108 2788 389 2844 persequendi
434 2791 478 2829 et
516 2785 703 2840 petendi,
745 2788 787 2826 et
831 2784 966 2838 ipsius
1017 2783 1339 2831 ordinationem,
1390 2781 1620 2831 decretum,

107 2855 297 2904 laudum,
318 2867 392 2895 seu
414 2853 577 2894 dictum
602 2852 648 2891 in
679 2851 771 2905 ejus
803 2854 1005 2891 eventum
1036 2847 1313 2902 emologandi,
1344 2848 1620 2901 approbandi,

109 2924 152 2962 et
172 2920 309 2962 eidem
330 2917 638 2967 consentiendi,
655 2915 962 2965 excusationes,
980 2915 1077 2969 jura
1098 2914 1227 2955 etiam
1245 2917 1288 2954 et
1308 2913 1492 2954 rationes
1513 2913 1621 2953 mihi

110 2985 462 3040 qualitercunque
493 2982 780 3037 competentia
810 2985 852 3022 et
883 2983 1184 3034 competentes,
1218 2978 1481 3033 proponendi
1504 2979 1620 3032 jura-
