1889 3273
267 370 348 409 402
532 378 892 412 CARTULARIUM
918 378 1187 410 ABBATHIAE
1213 379 1277 410 DE
1301 379 1546 411 WHITEBY.

262 488 574 531 ibidem—scil.
589 489 665 530 ubi
682 493 746 530 est
760 502 870 542 aqua
884 488 1123 529 communis
1140 489 1253 530 inter
1269 502 1349 540 eos,
1366 489 1443 530 ubi
1460 487 1780 531 convenientior

263 555 345 596 erit
364 555 496 605 locus,
519 559 562 596 et
592 555 727 609 magis
760 555 852 595 sine
884 553 1204 608 dampno—ita,
1228 554 1315 596 scil.
1340 555 1453 608 quod
1484 568 1619 595 unum
1651 557 1780 607 caput

262 622 405 675 pontis
426 621 666 662 firmabitur
688 634 815 674 supra
836 621 958 661 t'ram
989 620 1114 674 praed.
1139 621 1390 674 Reginaldi:
1422 625 1465 662 et
1497 621 1694 662 omnibus
1725 619 1779 661 ad

262 691 437 740 pontem
458 687 583 727 illum
603 686 879 728 venientibus
900 686 1085 727 liberum
1107 687 1317 728 concessit
1347 687 1429 728 iter
1459 690 1501 728 et
1531 700 1776 741 regressum.

263 753 344 793 Pro
381 767 465 807 qua
501 752 772 794 concessione
812 751 1008 805 praedicti
1043 752 1189 793 Abbas
1227 756 1269 793 et
1306 752 1436 794 Conv.
1474 766 1620 793 omnes
1658 755 1777 793 ante-

263 832 444 861 cessores
476 819 667 873 ejusdem
699 818 924 873 Reginaldi
955 818 1009 859 ab
1041 818 1158 858 omni
1188 818 1314 873 culpa
1344 819 1708 873 transgressionis,
1740 817 1777 859 si

263 899 392 939 quam
427 885 630 927 adversus
665 884 903 926 Ecclesiam
940 884 991 925 de
1022 884 1232 939 Whiteby
1263 885 1459 939 egissent,
1490 885 1537 926 in
1575 884 1774 939 Capitulo

263 951 550 1000 absolverunt,
572 954 614 992 et
635 965 705 992 eos
727 951 959 1005 participes
981 950 1174 991 omnium
1194 951 1415 1000 bonorum,
1433 951 1776 1000 elemosinarum,

262 1017 503 1058 orationum
548 1031 642 1071 quae
686 1017 798 1057 fiunt
842 1016 888 1056 in
935 1016 1045 1058 Eccl.
1093 1017 1145 1058 (16
1186 1017 1406 1071 Wffiteby,
1448 1018 1773 1059 constituerunt.

263 1083 421 1124 Praeter
442 1083 545 1132 haec,
566 1097 677 1132 vero,
700 1082 868 1137 praefati
899 1082 1046 1123 Abbas
1078 1086 1120 1123 et
1153 1082 1283 1123 Conv.
1307 1083 1418 1124 Εο01.
1445 1083 1480 1124 S.
1515 1083 1633 1124 Petri
1664 1086 1706 1123 et
1737 1083 1775 1125 S.

264 1149 409 1191 Hildae
431 1150 482 1191 de
503 1149 707 1203 Whiteby
742 1152 1046 1190 concesserunt
1075 1149 1252 1203 praefato
1284 1149 1521 1203 Reginaldo
1552 1150 1604 1190 (16
1636 1149 1776 1199 RoseL

262 1219 305 1256 et
335 1216 431 1258 haer.
464 1216 552 1257 suis
584 1216 772 1270 imperp.,
804 1214 1012 1269 quamdiu
1042 1215 1145 1269 ipse,
1166 1216 1237 1256 vel
1267 1215 1363 1257 haer.
1397 1216 1463 1257 sui
1494 1219 1590 1270 post
1620 1216 1774 1270 ipsum,

262 1282 481 1323 tenuerint
515 1282 664 1323 villam
701 1286 743 1322 et
783 1281 1079 1322 molendinum
1121 1281 1172 1322 (16
1212 1281 1387 1336 Aselby,
1424 1282 1477 1322 ad
1517 1282 1773 1323 firmandum

261 1349 517 1390 rationabile
539 1353 738 1402 stagnum
761 1361 888 1402 super
907 1348 1029 1388 t'ram
1046 1347 1236 1401 ipsorum
1251 1348 1557 1389 monachorum
1574 1349 1626 1389 acl
1647 1349 1773 1402 praed.

262 1414 443 1456 molend.
486 1415 537 1455 (16
577 1414 871 1468 Aselby—Ita
911 1413 1026 1467 quod
1061 1427 1134 1466 per
1167 1413 1308 1454 visum
1346 1413 1537 1454 fidelium
1573 1414 1773 1464 virorum,

263 1481 495 1522 amicorum
515 1480 739 1534 utriusque
759 1480 905 1534 partis,
936 1492 1023 1519 non
1054 1479 1111 1520 sit
1142 1479 1194 1519 ad
1225 1483 1533 1520 nocumentum
1563 1480 1773 1521 molendi-

263 1561 414 1588 norum
437 1547 488 1588 ad
510 1547 739 1587 monachos
770 1545 1092 1600 pertinentium.
1154 1545 1210 1585 Et
1239 1559 1314 1599 pro
1345 1546 1471 1599 praed.
1494 1546 1774 1588 affirmatione

264 1613 429 1667 praefati
460 1613 612 1667 stagni,
633 1612 759 1666 praed.
783 1611 1047 1666 Reginaldus
1079 1611 1205 1653 homo
1237 1612 1317 1653 erit
1346 1612 1476 1666 ligius
1507 1613 1691 1654 Abbatis
1723 1613 1773 1655 de

263 1679 471 1733 Whiteby
513 1679 759 1733 quicunque
794 1678 936 1727 fuerit,
970 1681 1012 1718 et
1047 1682 1146 1731 post
1181 1677 1324 1731 ipsum
1360 1678 1646 1733 Reginaldum
1681 1679 1773 1733 ejus

262 1745 394 1786 haeres
425 1746 753 1799 imperpetuum.
813 1744 870 1785 Et
900 1743 1079 1784 reddent
1110 1744 1334 1784 annuatim
1364 1744 1540 1798 imperp.
1563 1759 1638 1799 pro
1668 1759 1773 1799 11166-

262 1811 377 1852 dicta
397 1811 665 1853 rationabilis
687 1811 829 1865 stagni
860 1809 1140 1850 affirmatione
1171 1814 1256 1851 tres
1287 1810 1592 1852 solidos—scil.
1626 1811 1771 1853 decem

263 1880 305 1918 et
327 1881 420 1918 octo
442 1877 636 1919 denarios
658 1882 700 1918 et
721 1877 747 1917 f.
772 1877 810 1917 S.
835 1876 1029 1925 Martini,
1051 1879 1093 1916 et
1114 1876 1259 1917 decem
1281 1880 1323 1917 et
1346 1880 1439 1917 octo
1472 1877 1565 1918 (1611.
1587 1877 1641 1918 ad
1663 1878 1772 1919 Pen-

262 1948 462 1985 tecosten.
524 1944 580 1983 Et
600 1943 764 1997 juravit
785 1941 1046 1996 Reginaldus
1077 1941 1123 1981 in
1157 1942 1357 1996 Capitulo
1387 1942 1438 1983 de
1458 1943 1676 1997 Wluteby,
1697 1958 1771 1998 pro

263 2024 306 2051 se
337 2015 380 2051 et
409 2010 505 2050 11061.
539 2009 638 2058 suis,
669 2009 893 2062 praedictas
925 2007 1228 2049 conventiones
1265 2021 1309 2049 se
1345 2009 1654 2050 observaturos.
1714 2011 1772 2051 Et

260 2080 310 2116 ut
340 2076 465 2130 praed.
488 2076 790 2116 conventiones
822 2074 999 2115 firmiter
1031 2074 1311 2115 observentur
1341 2074 1516 2129 inperp.‚
1553 2075 1626 2129 sig.
1661 2075 1770 2116 Con-

262 2147 416 2183 ventus
443 2142 494 2182 (16
515 2141 723 2195 Whiteby
744 2145 786 2182 et
808 2141 881 2194 sig.
904 2140 1038 2194 ipsius
1070 2140 1296 2194 Reginaldi
1327 2154 1380 2182 ex
1412 2141 1621 2183 alternata
1651 2147 1771 2196 parte

263 2212 550 2262 apposuerunt
571 2207 616 2247 111
637 2207 947 2248 testimonium.
1010 2206 1109 2247 Hiis
1130 2206 1324 2248 testibus.

859 2330 1167 2372 CCCCXLIX.

319 2413 432 2469 (49¹³)
464 2415 570 2455 Haec
602 2418 667 2455 est
690 2413 912 2455 concordia
945 2414 1057 2454 facta
1080 2414 1148 2454 die
1171 2414 1383 2455 dominica
1403 2428 1520 2468 prox.
1542 2418 1638 2468 post
1661 2415 1769 2456 Con-

260 2481 499 2522 versionem
549 2482 595 2521 B.
638 2480 763 2520 Pauli
813 2480 1023 2533 Apostoli,
1063 2480 1114 2520 A.
1157 2480 1277 2534 regni
1319 2481 1418 2534 Reg.
1461 2481 1651 2531 Henrici,
1691 2482 1770 2522 filii

260 2572 295 2604 It
315 2583 457 2614 appears
477 2574 514 2604 to
539 2572 629 2603 have
655 2572 762 2603 fallen
787 2582 881 2603 some
898 2572 984 2604 time
1009 2572 1047 2603 in
1071 2571 1132 2603 the
1150 2571 1329 2603 sixteenth
1348 2574 1505 2614 century,
1525 2572 1595 2604 and.
1619 2575 1656 2604 to
1680 2572 1769 2605 have

258 2627 345 2659 been
363 2627 493 2659 rebuilt
510 2627 557 2668 by
577 2627 727 2658 Thomas
741 2627 855 2658 Ferris
876 2629 926 2667 (or
943 2627 971 2658 F
972 2627 1061 2666 irris)
1091 2627 1126 2658 of
1152 2627 1248 2665 Hull,
1272 2627 1389 2659 whose
1414 2627 1556 2667 initials,
1575 2627 1663 2659 with
1688 2628 1769 2660 date

260 2684 390 2723 (1621),
412 2693 469 2714 are
487 2682 560 2714 still
577 2684 614 2713 to
632 2682 675 2714 be
692 2693 773 2713 seen
791 2693 835 2713 on
853 2693 873 2714 a
897 2684 1076 2723 top-stone
1103 2693 1147 2713 on
1171 2682 1233 2713 the
1260 2684 1334 2714 east
1359 2682 1442 2714 side.
1492 2682 1566 2713 The
1592 2682 1650 2714 old
1675 2680 1768 2715 four'-

256 2737 544 2778 teenth-century
562 2737 686 2779 copiug
703 2737 732 2768 is
750 2737 823 2768 still
839 2737 875 2768 in
893 2737 939 2769 its
957 2738 1064 2779 place,
1084 2737 1266 2779 surviving
1282 2739 1319 2768 to
1345 2739 1454 2769 attest
1471 2737 1532 2768 the
1549 2737 1630 2769 date
1648 2737 1684 2769 of
1708 2738 1769 2770 the

258 2793 403 2835 original
427 2793 548 2834 bridge
565 2805 573 2831 3
598 2792 666 2823 and
684 2792 713 2823 it
731 2803 811 2833 may
828 2792 871 2823 be
890 2792 1059 2824 observed.
1075 2792 1155 2824 that
1172 2792 1259 2824 both
1276 2792 1337 2823 the
1356 2792 1537 2824 Castleton
1555 2792 1681 2834 Bridge
1699 2793 1768 2825 and

256 2848 337 2880 that
361 2847 474 2878 below
499 2847 628 2888 Danby
654 2847 771 2878 Castle
790 2847 877 2878 have
905 2847 1086 2889 evidently
1110 2846 1199 2878 been
1224 2846 1362 2885 rebuilt,
1381 2846 1447 2878 but
1471 2847 1553 2889 long
1578 2846 1680 2886 since,
1699 2847 1768 2879 and

257 2902 347 2934 with
363 2902 425 2933 the
443 2901 501 2933 old
517 2901 695 2933 materials
719 2901 959 2943 re-employed
984 2902 1111 2933 almost
1137 2900 1361 2943 exclusively.
1413 2901 1517 2933 From
1541 2901 1603 2933 the
1627 2904 1769 2944 present

257 2958 455 2996 document,
477 2956 506 2988 it
523 2956 552 2988 is
570 2959 739 2998 apparent
755 2956 836 2988 that
854 2956 915 2988 the
933 2956 1085 2998 Sleights
1103 2956 1231 2998 Briclge
1249 2967 1319 2987 was
1344 2956 1405 2988 the
1430 2956 1651 2998 predecessor
1668 2957 1703 2988 of
1721 2957 1766 2989 all

257 3013 355 3046 these
374 3012 491 3045 others
505 3011 645 3044 thrown
663 3022 776 3043 across
793 3012 855 3044 the
873 3022 967 3043 same
984 3014 1113 3043 stream
1131 3011 1166 3043 in
1186 3011 1231 3043 its
1248 3011 1372 3054 higher
1389 3011 1554 3053 porticus.
