1889 3221
399 402 760 436 OARTULARIUM
787 402 1055 435 ABBATHIAE
1082 403 1146 434 DE
1171 403 1419 436 WHITEBY.
1583 395 1663 432 439

152 515 298 554 serunt
332 511 444 567 patri
474 526 568 569 meo
600 511 780 553 Richero
808 512 854 552 in
886 511 1206 567 Masdeskogh'1
1239 513 1318 553 sub
1352 512 1593 562 Calthorne,
1626 516 1667 553 et

150 582 290 619 totum
320 583 490 633 pratum
520 592 663 620 meum
692 579 737 618 111
758 578 953 628 Bothem,
975 579 1136 619 Abbati
1157 582 1199 620 et
1221 578 1351 620 Conv.
1375 579 1426 620 de
1447 579 1667 632 Whiteby,

150 659 225 698 pro
254 646 443 699 quinque
472 645 624 686 marcis
645 645 819 698 argenti,
842 658 947 698 quas
969 644 1101 685 michi
1122 645 1330 686 dederunt
1350 645 1396 686 in
1417 645 1668 686 necessitate

151 725 254 753 mea.
318 712 451 752 Istam
481 725 581 752 vero
613 711 886 752 donationem
918 715 960 752 et
991 711 1306 752 concessionem
1335 725 1422 766 ego,
1445 711 1666 760 Ricwdus,

151 780 194 818 et
224 777 319 818 haer.
341 777 427 818 mei
453 791 548 818 war.
573 776 697 818 dictis
728 776 890 817 Abbati
918 780 960 818 et
992 777 1121 818 Conv.
1145 777 1320 831 imperp.
1344 782 1491 818 contra
1522 790 1666 817 omnes

150 844 352 885 homines.
414 844 513 885 Hiis
548 843 739 884 testibus.
800 842 1019 884 Wsslehno
1057 843 1107 884 de
1140 843 1360 897 Skiptona,
1380 847 1484 884 tunc
1517 844 1667 885 Senes-

152 909 259 950 callo
280 910 382 950 D’ni
403 909 597 950 Abbatis.
659 909 821 963 Rogero
843 908 894 949 de
917 909 1084 949 Irtona:
1122 912 1165 950 et
1186 909 1289 949 aliis.

749 1024 1063 1065 CCCCXCHI.

210 1108 419 1150 Omnibus
457 1106 616 1148 Christi
651 1106 760 1147 fidel.
799 1106 909 1147 hanc
946 1120 977 1147 c.
1015 1106 1089 1147 vis.
1125 1106 1194 1148 vel
1230 1106 1336 1156 aud„
1373 1105 1583 1147 Radulfus
1615 1106 1666 1146 de

152 1173 398 1224 Loketona„2
419 1173 601 1215 salutem
632 1172 678 1213 in
707 1173 828 1214 D'no.
891 1172 1110 1214 Noveritis
1131 1186 1199 1214 me
1222 1172 1272 1222 d.,
1294 1186 1421 1222 conc„
1443 1175 1485 1213 et
1505 1172 1585 1213 hac
1606 1186 1665 1225 pr.

152 1255 183 1282 8.
214 1254 308 1281 mea
336 1240 444 1281 80111.
476 1240 569 1280 Deo
602 1243 644 1280 et
671 1239 782 1280 Eccl.
808 1238 846 1280 S.
870 1239 987 1279 Petri
1016 1243 1058 1279 et
1081 1239 1118 1280 S.
1143 1239 1289 1279 Hfldae
1310 1239 1362 1279 de
1384 1238 1603 1292 Whiteby,
1625 1242 1667 1279 et

151 1321 260 1348 mon.
293 1306 390 1347 ibid.
423 1307 515 1347 Deo
552 1318 656 1346 serv.
694 1309 736 1346 et
766 1305 811 1345 in
841 1319 954 1359 perp.
988 1304 1221 1354 servituris,
1250 1305 1355 1345 duas
1387 1305 1479 1347 bov.
1502 1305 1590 1345 t'rae
1620 1304 1666 1343 in

151 1373 461 1428 Northfilynge,
498 1386 594 1414 cum
624 1372 758 1421 tostis,
786 1372 944 1421 croftis‚
974 1371 1120 1426 pratis,
1141 1371 1310 1425 pascuis
1342 1376 1385 1412 et
1405 1371 1604 1425 pasturis,
1625 1373 1668 1411 et

151 1454 249 1482 cum
280 1454 388 1480 omn.
420 1443 523 1493 pert.
547 1439 633 1479 suis
661 1439 773 1479 infra
793 1452 830 1479 v.
854 1442 896 1479 et
918 1442 1047 1488 extra,
1076 1438 1168 1479 sine
1198 1438 1287 1479 ullo
1319 1442 1667 1479 retenemento—

152 1504 264 1560 (90¹³)
295 1505 477 1547 Tenend.
510 1508 552 1546 et
584 1505 678 1545 hab.
712 1505 837 1546 dictis
870 1504 1089 1545 monachis
1120 1505 1166 1544 in
1193 1504 1233 1553 1.,
1262 1518 1300 1557 p.
1325 1507 1376 1545 et.
1399 1518 1511 1557 perp.
1535 1503 1668 1552 elem„

153 1587 249 1614 cum
286 1586 395 1613 omn.
432 1577 535 1626 pert.
568 1575 610 1612 et
641 1571 799 1612 aisiam.
822 1571 876 1611 ad
897 1571 993 1611 dict.
1016 1574 1171 1611 terram
1192 1570 1340 1624 procul
1362 1573 1403 1611 et
1424 1583 1553 1624 prope
1575 1584 1667 1624 per-

152 1638 398 1679 tinentibus.
460 1638 549 1692 Ego
576 1651 688 1686 vero,
717 1636 942 1686 Radulfus,
964 1640 1005 1678 et
1030 1637 1127 1677 haer.
1151 1637 1236 1677 mei
1270 1636 1404 1677 dictas
1437 1636 1542 1677 duas
1574 1637 1665 1677 bOV.

151 1705 251 1753 t’rae‚
281 1717 377 1744 cum
407 1717 517 1746 omn.
549 1707 653 1758 pert.
692 1703 790 1753 suis,
813 1703 937 1744 dictis
969 1703 1186 1744 monachis
1222 1707 1368 1744 contra
1389 1717 1422 1744 o.
1444 1703 1483 1743 h.
1507 1717 1601 1743 war.
1626 1707 1668 1744 et

154 1770 233 1811 def.
250 1770 573 1824 imperpetuum.
609 1770 663 1810 In
679 1770 799 1823 cujus
816 1783 845 1810 r.
861 1773 969 1819 test,
987 1773 1061 1811 etc.
1107 1770 1205 1810 Hiis
1223 1769 1414 1811 testibus.
1459 1769 1665 1811 Nicholao

154 1837 206 1878 de
228 1836 541 1891 Haukesgarth.
603 1835 822 1877 Willelmo
844 1836 895 1877 de
917 1836 1164 1878 Lincolnia:
1201 1840 1244 1879 et
1265 1836 1369 1878 aliis.

755 1952 1063 1994 CCCOXCIV.

212 2036 422 2077 Omnibus
457 2035 568 2076 hanc
604 2049 636 2076 c.
673 2035 749 2076 vis.
787 2036 858 2077 vel
894 2036 1001 2085 aud„
1044 2035 1263 2077 Galfridus
1304 2036 1355 2077 de
1396 2037 1575 2092 Filynge
1611 2038 1665 2078 fil.

153 2102 368 2156 quondam
390 2102 514 2143 1)»18’13
539 2102 591 2143 de
622 2101 801 2155 Effinge,
823 2102 896 2143 sal.
918 2101 965 2142 in
986 2102 1108 2142 D’no.
1161 2102 1269 2144 Nov.
1293 2103 1409 2144 univ.
1435 2107 1575 2144 vestra
1600 2118 1666 2144 1118

154 2168 204 2218 d.,
226 2182 355 2218 conc„
377 2172 420 2209 et
449 2168 529 2208 hac
556 2181 614 2222 pr.
649 2181 680 2209 8.
713 2181 807 2208 mea
843 2182 911 2221 qu.
945 2167 993 2208 cl.
1026 2167 1079 2208 (18
1110 2181 1178 2209 1118
1212 2173 1254 2209 et
1286 2182 1397 2210 omn.
1430 2169 1528 2211 haer.
1560 2170 1665 2210 meis

152 2234 328 2288 imperp.
351 2235 444 2275 Deo
466 2239 508 2275 et
528 2234 640 2276 Eccl.
663 2234 702 2275 S.
725 2234 842 2275 Petri
873 2237 916 2275 et
938 2234 975 2275 S.
1002 2234 1145 2275 Hildae
1175 2235 1227 2275 de
1247 2235 1468 2289 Whiteby,
1491 2240 1533 2276 et
1554 2250 1666 2276 mon.

152 2300 252 2341 ibid.
285 2301 378 2342 Deo
415 2314 519 2342 serv,
555 2303 597 2341 et
631 2300 808 2354 imperp.
846 2300 1078 2348 servituris,
1109 2303 1248 2341 totum
1278 2301 1349 2353 jus
1386 2304 1428 2341 et
1465 2301 1513 2341 cl.
1553 2302 1665 2355 quod

151 2380 342 2419 unquam
373 2366 516 2415 habui,
546 2365 615 2406 vel
645 2365 799 2406 habere
833 2365 966 2419 potui,
996 2365 1043 2405 in
1074 2365 1175 2414 t'ris,
1206 2366 1462 2407 tenementis
1495 2380 1543 2407 ac
1573 2368 1665 2408 red-

200 2482 212 2503 1
238 2482 414 2524 Probably
432 2482 493 2514 the
510 2481 763 2524 Maiderscogh,
783 2481 1062 2524 Maderscohogh
1080 2481 1116 2513 of
1131 2481 1215 2514 Nos.
1241 2483 1405 2516 589-591.

202 2537 215 2559 '2
240 2539 270 2570 A
291 2536 422 2569 Radulf
439 2538 482 2569 de
496 2537 635 2569 Lokton
653 2547 800 2579 appears
817 2536 853 2568 in
873 2536 913 2569 A.
931 2547 968 2568 as
983 2547 1048 2568 one
1067 2536 1102 2567 of
1118 2537 1179 2568 the
1197 2537 1380 2570 witnesses
1397 2540 1434 2570 to
1452 2538 1514 2571 the
1528 2539 1668 2573 charter

154 2593 294 2636 printed
312 2604 349 2625 as
367 2594 432 2626 No.
454 2595 509 2625 22.

200 2647 214 2668 3
238 2648 391 2688 Ricardi,
418 2659 482 2680 one
508 2647 623 2690 might
648 2657 808 2689 presume
833 2647 923 2678 from
952 2646 1014 2678 the
1044 2647 1144 2686 form,
1175 2647 1244 2679 and
1273 2650 1337 2680 not
1365 2649 1514 2682 Richeri.
1577 2651 1612 2683 It
1638 2651 1667 2684 is

154 2704 287 2736 seldom
303 2704 455 2736 without
481 2703 655 2745 difficulty
671 2703 751 2735 that
768 2703 830 2735 the
855 2702 1061 2734 distinction
1078 2703 1240 2735 between
1265 2704 1326 2736 the
1352 2705 1613 2738 abbreviations
1631 2707 1667 2739 of

153 2759 216 2791 the
244 2759 319 2791 said
349 2770 466 2791 names
495 2770 558 2791 can
588 2759 630 2791 be
656 2758 765 2791 made.
817 2758 922 2789 From
949 2757 1014 2789 No.
1039 2759 1107 2791 360
1133 2760 1162 2791 it
1188 2759 1217 2791 is
1244 2759 1334 2792 clear
1359 2760 1459 2793 there
1480 2773 1570 2794 were
1594 2765 1666 2795 two

154 2825 298 2856 persons
315 2814 404 2846 with
421 2814 482 2846 the
506 2825 607 2846 name
633 2813 804 2846 Richerus
830 2813 872 2844 de
898 2812 1035 2855 Fyling,
1054 2813 1115 2845 the
1141 2825 1206 2846 one
1231 2816 1405 2857 grandson
1422 2819 1459 2849 to
1477 2817 1537 2849 the
1557 2818 1666 2850 other.

156 2868 229 2900 The
246 2872 390 2911 grantor
407 2880 488 2911 may
504 2869 548 2901 be
566 2880 586 2901 a
603 2880 665 2901 son
684 2869 720 2900 01
744 2868 914 2900 Richerus
940 2868 1166 2908 fitzRichard,
1185 2870 1221 2901 in
1239 2870 1355 2902 which
1373 2882 1451 2904 case
1468 2872 1556 2904 Ric'i
1574 2876 1668 2905 must

156 2923 200 2956 be
216 2924 300 2956 read
317 2924 467 2964 Richeri,
486 2936 525 2956 or
541 2925 596 2957 his
614 2924 767 2964 brother,
787 2924 890 2956 when
916 2923 945 2955 it
962 2923 1081 2956 would
1107 2925 1213 2956 stand
1237 2925 1293 2957 for
1311 2926 1462 2959 Ricardi.
1514 2929 1668 2971 Perhaps

156 2979 218 3011 the
236 2980 475 3021 approximate
493 2980 576 3012 date
593 2980 629 3011 01
653 2980 716 3012 the
734 2979 883 3019 charter‚
903 2978 1017 3011 which
1035 2979 1064 3011 is
1081 2979 1258 3012 indicated
1275 2981 1321 3022 by
1341 2982 1402 3014 the
1420 2993 1537 3015 names
1556 2984 1591 3015 of
1608 2984 1669 3017 the

158 3034 340 3067 witnesses
359 3045 396 3067 as
412 3035 518 3078 being
535 3045 562 3067 8.
586 3036 685 3075 1280,
704 3045 786 3076 may
802 3034 1009 3078 strengthen
1025 3034 1087 3067 the
1103 3035 1211 3068 latter
1227 3037 1455 3079 supposition.
