1889 3221
395 365 756 399 OARTULARIUM
782 363 1051 396 ABBATHIAE
1078 362 1141 394 DE
1165 361 1411 394 WHITEBY.
1577 353 1655 390 491

149 476 234 529 qui,
275 479 485 529 quatenus
527 480 569 516 et
601 478 727 529 prout
763 473 998 515 secundum
1039 471 1293 526 qualitatem
1329 470 1452 524 praed.
1490 469 1662 524 negotii,

147 541 451 595 requirebatur,
467 542 513 582 in
530 541 728 582 omnibus
746 544 787 581 et
801 539 979 593 singulis
998 539 1219 579 observato
1235 537 1404 591 :-—quia
1417 537 1662 578 invenimus

147 612 310 662 partem
332 608 458 661 praed.
476 607 786 661 Religiosorum
807 606 1031 647 veritatem
1053 608 1348 658 suggestorum
1370 603 1421 644 de
1444 602 1600 657 quibus
1617 601 1664 641 in

147 673 303 715 litteris
326 673 583 727 Apostolicis
606 676 648 714 et
669 672 847 713 articulo
870 670 1126 725 supradictis
1143 669 1192 709 fit
1223 668 1382 710 mentio
1406 667 1664 709 sufficienter

149 739 394 794 probavisse
417 736 571 793 (151b),
593 743 637 780 et
657 738 847 793 legitime
868 736 1124 791 probavisse,
1146 735 1324 789 ipsaque
1345 738 1543 789 suggesta
1564 747 1664 774 vera

151 806 275 847 etita
303 806 435 846 fuisse
458 809 499 846 et
528 819 618 846 esse
648 808 775 859 prout
806 803 1096 858 suggerebant,
1118 806 1167 842 ut
1198 802 1244 841 in
1275 801 1380 855 ipsis
1411 801 1493 842 litt.
1516 801 1664 854 Apost.

152 872 405 920 continetur,
439 871 566 925 praed.
601 870 834 919 ecclesiam,
868 883 965 910 cum
1007 882 1115 908 011111.
1156 867 1244 908 suis
1281 867 1451 920 juribus
1486 870 1528 907 et
1561 870 1664 919 pert.

153 937 466 979 concedendam
506 938 595 978 fore
638 937 765 977 dictis
826 935 940 989 {elig
983 934 1029 974 in
1071 947 1169 974 suos
1211 947 1312 974 usus
1353 946 1503 987 propr,
1540 932 1668 986 juxta

152 1007 342 1045 tenorem
363 1003 575 1044 dictarum
595 1002 690 1052 litt„
711 1001 1039 1056 pronuntiamus
1062 999 1353 1040 autentialiter
1375 1003 1417 1039 et
1440 998 1668 1039 diffinitive

153 1071 199 1112 111
216 1071 299 1112 hiis
314 1070 494 1124 scriptis.
547 1070 602 1110 Et
619 1083 695 1110 nos
711 1068 968 1116 Willelmus,
983 1068 1028 1107 P.
1046 1067 1098 1108 D.
1115 1067 1239 1107 Ebor.
1256 1065 1522 1119 Archiep'us,
1538 1063 1666 1117 Angl.

154 1137 318 1178 Primas
340 1136 582 1190 praedictus,
603 1135 729 1190 praed.
751 1135 834 1176 litt.
857 1133 1049 1187 Apostol.
1074 1137 1116 1173 et
1136 1132 1387 1173 mandatum
1410 1130 1599 1185 Apostol.
1622 1130 1667 1170 111

155 1203 313 1245 eisdem
335 1206 596 1252 contentum,
617 1202 808 1243 volentes
840 1200 1085 1241 obedienter
1115 1202 1158 1240 et
1188 1198 1410 1239 humiliter
1442 1197 1598 1251 exequi
1629 1200 1671 1236 et

154 1270 302 1319 facere,
323 1273 373 1309 ut
402 1272 609 1318 tenemur,
631 1268 810 1309 eandem
841 1266 939 1307 0001.
965 1265 1017 1307 (10
1050 1265 1207 1313 Semar,
1229 1279 1327 1306 cum
1359 1278 1471 1305 omn.
1499 1263 1669 1318 juribus

156 1341 199 1377 et
219 1340 322 1390 pert.
346 1335 445 1385 suis,
473 1335 633 1376 Abbati
665 1338 706 1375 et
738 1334 866 1375 Conv.
900 1332 1155 1381 memoratis,
1188 1331 1390 1385 praedicta
1420 1329 1671 1372 auctoritate

157 1403 304 1456 Apost.
327 1401 597 1442 concedimus
618 1414 694 1455 per
722 1414 791 1441 eos
819 1400 996 1453 imperp.
1022 1399 1068 1439 in
1098 1411 1201 1438 usus
1232 1412 1370 1452 propr.
1391 1395 1671 1443 retinendam,

160 1468 260 1510 eisd.
283 1467 442 1508 Abbati
456 1472 498 1508 et
520 1468 651 1508 Conv.
674 1466 981 1507 nichilominus
1004 1465 1256 1505 auctoritate
1278 1464 1403 1517 praed.
1426 1463 1477 1504 de
1499 1461 1672 1516 speciali

161 1534 295 1588 gratia
316 1533 583 1574 concedendo
605 1536 654 1573 ut
676 1532 812 1586 ipsius
835 1531 931 1572 eccl.
956 1531 1145 1579 Hectore,
1167 1530 1241 1583 qui
1262 1543 1377 1570 nunc
1399 1534 1474 1578 est,
1497 1528 1672 1568 cedente

161 1600 231 1641 vel
267 1599 397 1640 etiam
435 1598 677 1647 decedente,
708 1597 1020 1652 possessionem
1057 1596 1188 1650 ejusd.
1226 1596 1325 1637 eccl.
1358 1594 1673 1649 apprehendere

161 1666 292 1706 libere
314 1665 566 1705 auctoritate
596 1664 766 1718 propria
787 1663 971 1712 valeant,
993 1676 1040 1703 ac
1068 1662 1197 1703 etiam
1227 1662 1419 1710 retinere,
1442 1665 1585 1701 nostra
1606 1659 1674 1700 vel

164 1731 337 1772 alterius
389 1731 680 1784 cujuscunque
731 1730 905 1770 licentia
945 1729 1123 1769 minime
1173 1728 1542 1782 requisita—alias
1579 1727 1675 1780 jure

164 1801 306 1838 nostro
344 1801 386 1838 et
422 1797 651 1851 cujuslibet
686 1796 860 1837 alterius
893 1795 940 1836 111
976 1795 1174 1836 omnibus
1211 1808 1377 1849 semper
1407 1793 1534 1835 salvo.
1610 1793 1677 1832 De

165 1877 248 1918 quo
265 1864 371 1917 jure,
386 1868 428 1904 et
449 1863 562 1904 Eccl.
578 1866 735 1904 nostrae
756 1863 893 1911 Ebor.‚
908 1866 996 1903 tam
1018 1861 1063 1901 in
1077 1861 1377 1915 jurisdictione
1395 1865 1436 1901 et
1459 1859 1678 1914 dignitate,

164 1944 292 1985 quam
313 1930 359 1970 in
382 1929 579 1970 omnibus
612 1929 719 1979 aliis,
741 1933 1039 1983 protestamur,
1061 1931 1103 1969 et
1135 1927 1300 1969 salvam
1332 1927 1455 1982 (152)
1478 1926 1677 1967 volumus

165 1997 212 2037 in
234 1997 431 2038 omnibus
451 2010 678 2045 remanere,
700 2000 826 2050 prout
846 1996 1008 2036 viribus
1039 1998 1082 2036 et
1112 1995 1257 2035 formae
1278 1995 1464 2049 praeclict.
1490 1992 1679 2047 Apostol.

167 2063 363 2118 congruit
378 2063 609 2104 literarum.
656 2063 859 2104 Volentes
877 2062 1016 2111 etiam,
1033 2062 1160 2115 juxta
1176 2062 1355 2102 formam
1370 2061 1474 2102 dicti
1489 2059 1681 2100 mandati

168 2129 405 2183 Apostolici
439 2129 658 2183 providere
687 2129 802 2182 quod
836 2128 1014 2169 ecclesia
1043 2128 1135 2181 ipsa
1163 2127 1316 2168 debitis
1341 2141 1429 2168 non
1463 2126 1684 2166 fraudetur

169 2196 395 2250 obsequiis,
417 2200 459 2237 et
480 2196 719 2237 animarum
741 2209 840 2236 cura
871 2195 916 2235 in
938 2209 986 2235 ea
1008 2194 1256 2235 nullatenus
1278 2193 1528 2248 negligatur,
1550 2191 1683 2245 quod-

170 2276 253 2316 que
293 2262 345 2303 de
386 2262 520 2316 ipsius
562 2261 659 2302 eccl.
698 2261 906 2302 fructibus
947 2265 1152 2314 perpetuo
1193 2259 1350 2300 vicario
1400 2272 1474 2312 per
1513 2271 1589 2297 nos
1630 2256 1683 2296 ad

170 2328 359 2381 ipsorum
379 2328 559 2368 Abbatis
591 2331 634 2368 et
656 2327 785 2368 Conv.
807 2326 1179 2380 praesentationem
1209 2324 1476 2365 instituendo
1507 2323 1553 2363 in
1584 2321 1683 2363 eccl.

171 2394 425 2448 supradicta,
446 2393 606 2434 ibidem
626 2396 829 2447 perpetuo
852 2392 1072 2441 servituro,
1089 2405 1271 2445 congrua
1286 2390 1424 2444 portio
1437 2391 1688 2437 reservetur,

173 2473 225 2501 ex
246 2473 331 2513 qua
353 2459 569 2500 commode
592 2459 822 2500 sustentari
852 2458 1004 2507 valeat,
1027 2462 1068 2498 013
1099 2457 1355 2510 episcopalia
1383 2457 1482 2509 jura
1512 2454 1687 2502 solvere,

173 2525 342 2579 aliaque
382 2525 676 2566 incumbentia
717 2538 844 2565 onera
885 2527 1145 2577 supportare,
1186 2536 1315 2562 unam
1357 2522 1594 2575 portionem
1636 2520 1687 2560 de

174 2591 383 2632 fructibus
406 2594 449 2631 et
469 2590 746 2644 proventibus
769 2589 902 2643 ejusd.
925 2588 1114 2630 ecclesiae
1135 2601 1209 2641 pro
1240 2588 1333 2641 ipso
1354 2587 1510 2627 vicario
1532 2586 1689 2633 futuro,

176 2662 225 2698 ut
246 2657 499 2711 praedicitur,
522 2670 750 2711 congruam
771 2668 1033 2696 reservamus
1049 2653 1256 2694 z—Videl.
1273 2667 1418 2693 omnes
1436 2656 1478 2693 et
1499 2651 1688 2706 singulas

178 2723 375 2772 decimas,
396 2726 486 2763 tam
506 2723 686 2776 majores
708 2735 835 2775 quam
856 2721 1054 2768 minores,
1075 2724 1305 2773 proventus
1328 2722 1370 2759 et
1402 2717 1690 2765 obventiones,

179 2788 531 2842 qualitercunque
562 2788 872 2842 provenientes,
902 2785 954 2826 de
984 2785 1088 2826 villa
1120 2789 1163 2825 et
1191 2784 1402 2825 territorio
1434 2784 1484 2824 de
1518 2783 1691 2832 Irtona;

178 2855 284 2895 item
319 2854 503 2895 decimas
535 2853 789 2908 personales,
817 2866 865 2893 ac
900 2852 1009 2892 lanae
1042 2855 1085 2892 et
1124 2864 1339 2904 agnorum,
1380 2849 1613 2890 oblationes
1651 2853 1693 2888 et

182 2919 457 2961 obventiones
479 2919 533 2960 ad
553 2918 806 2973 altaragium
828 2916 1182 2971 qualitercunque
1207 2916 1481 2970 pertinentes,
1503 2915 1554 2955 de
1574 2914 1691 2954 villis

184 2999 231 3025 00
252 2985 473 3026 territoriis
495 2985 546 3026 de
576 2985 787 3039 Osgodby,
810 2984 1023 3037 Kaytona,
1045 2985 1087 3023 et
1118 2982 1384 3036 Kylvardby,
1406 2985 1447 3021 et
1478 2980 1693 3034 Depeslale
