<?xml version="1.0" encoding="UTF-8"?>
<!DOCTYPE html PUBLIC "-//W3C//DTD XHTML 1.0 Transitional//EN"
    "http://www.w3.org/TR/xhtml1/DTD/xhtml1-transitional.dtd">
<html xmlns="http://www.w3.org/1999/xhtml" xml:lang="en" lang="en">
 <head>
  <title>
</title>
<meta http-equiv="Content-Type" content="text/html;charset=utf-8" />
  <meta name='ocr-system' content='tesseract 3.04.00' />
  <meta name='ocr-capabilities' content='ocr_page ocr_carea ocr_par ocr_line ocrx_word'/>
</head>
<body>
  <div class='ocr_page' id='page_1' title='image "./cartulariumabbat02whit_0179.png"; bbox 0 0 1889 3221; ppageno 0'>
   <div class='ocr_carea' id='block_1_1' title="bbox 429 340 1689 381">
    <p class='ocr_par' dir='ltr' id='par_1_1' title="bbox 429 340 1689 381">
     <span class='ocr_line' id='line_1_1' title="bbox 429 340 1689 381; baseline -0.004 0"><span class='ocrx_word' id='word_1_1' title='bbox 429 347 789 381; x_wconf 86' lang='lat' dir='ltr'><strong>OARTULARIUM</strong></span> <span class='ocrx_word' id='word_1_2' title='bbox 815 347 1083 380; x_wconf 84' lang='lat' dir='ltr'>ABBATHIAE</span> <span class='ocrx_word' id='word_1_3' title='bbox 1109 347 1173 379; x_wconf 91' lang='lat' dir='ltr'>DE</span> <span class='ocrx_word' id='word_1_4' title='bbox 1198 348 1446 381; x_wconf 88' lang='lat' dir='ltr'>WHITEBY.</span> <span class='ocrx_word' id='word_1_5' title='bbox 1610 340 1689 377; x_wconf 78' lang='grc'><strong>517</strong></span> 
     </span>
    </p>
   </div>
   <div class='ocr_carea' id='block_1_2' title="bbox 158 455 1690 1501">
    <p class='ocr_par' dir='ltr' id='par_1_2' title="bbox 158 455 1690 1501">
     <span class='ocr_line' id='line_1_2' title="bbox 175 455 1690 512; baseline 0.001 -17"><span class='ocrx_word' id='word_1_6' title='bbox 175 455 425 509; x_wconf 73' lang='lat' dir='ltr'>Hospitalis,</span> <span class='ocrx_word' id='word_1_7' title='bbox 462 458 537 512; x_wconf 82' lang='lat' dir='ltr'>qui</span> <span class='ocrx_word' id='word_1_8' title='bbox 572 457 698 511; x_wconf 88' lang='lat' dir='ltr'>petiit</span> <span class='ocrx_word' id='word_1_9' title='bbox 728 457 881 497; x_wconf 81' lang='lat' dir='ltr'>D’nain</span> <span class='ocrx_word' id='word_1_10' title='bbox 916 456 1202 507; x_wconf 83' lang='lat' dir='ltr'>Gundredam,</span> <span class='ocrx_word' id='word_1_11' title='bbox 1234 471 1407 498; x_wconf 81' lang='lat' dir='ltr'>uxorem</span> <span class='ocrx_word' id='word_1_12' title='bbox 1441 456 1603 511; x_wconf 79' lang='lat' dir='ltr'>Nigelli</span> <span class='ocrx_word' id='word_1_13' title='bbox 1639 456 1690 497; x_wconf 90' lang='lat' dir='ltr'>de</span> 
     </span>
     <span class='ocr_line' id='line_1_3' title="bbox 174 521 1689 577; baseline 0.001 -17"><span class='ocrx_word' id='word_1_14' title='bbox 174 521 333 572; x_wconf 83' lang='lat' dir='ltr'>Albini,</span> <span class='ocrx_word' id='word_1_15' title='bbox 355 537 449 577; x_wconf 77' lang='lat' dir='ltr'>quae</span> <span class='ocrx_word' id='word_1_16' title='bbox 472 524 590 565; x_wconf 89' lang='lat' dir='ltr'>dedit</span> <span class='ocrx_word' id='word_1_17' title='bbox 621 524 660 564; x_wconf 82' lang='lat' dir='ltr'>S.</span> <span class='ocrx_word' id='word_1_18' title='bbox 695 522 899 563; x_wconf 86' lang='lat' dir='ltr'>Michaeli</span> <span class='ocrx_word' id='word_1_19' title='bbox 930 527 972 564; x_wconf 88' lang='lat' dir='ltr'>et</span> <span class='ocrx_word' id='word_1_20' title='bbox 1003 523 1128 576; x_wconf 79' lang='lat' dir='ltr'>praed.</span> <span class='ocrx_word' id='word_1_21' title='bbox 1152 523 1382 577; x_wconf 87' lang='lat' dir='ltr'>Hospitali,</span> <span class='ocrx_word' id='word_1_22' title='bbox 1413 527 1456 564; x_wconf 91' lang='lat' dir='ltr'>et</span> <span class='ocrx_word' id='word_1_23' title='bbox 1487 523 1689 564; x_wconf 81' lang='lat' dir='ltr'>fratribus</span> 
     </span>
     <span class='ocr_line' id='line_1_4' title="bbox 171 586 1688 643; baseline 0.001 -17"><span class='ocrx_word' id='word_1_24' title='bbox 171 586 290 628; x_wconf 89' lang='lat' dir='ltr'>illius</span> <span class='ocrx_word' id='word_1_25' title='bbox 323 589 416 638; x_wconf 89' lang='lat' dir='ltr'>loci,</span> <span class='ocrx_word' id='word_1_26' title='bbox 456 590 500 630; x_wconf 92' lang='lat' dir='ltr'>in</span> <span class='ocrx_word' id='word_1_27' title='bbox 539 589 659 630; x_wconf 91' lang='lat' dir='ltr'>elem.</span> <span class='ocrx_word' id='word_1_28' title='bbox 693 593 954 643; x_wconf 85' lang='lat' dir='ltr'>perpetuam,</span> <span class='ocrx_word' id='word_1_29' title='bbox 995 603 1070 642; x_wconf 84' lang='lat' dir='ltr'>pro</span> <span class='ocrx_word' id='word_1_30' title='bbox 1106 589 1250 630; x_wconf 87' lang='lat' dir='ltr'>anima</span> <span class='ocrx_word' id='word_1_31' title='bbox 1285 590 1368 630; x_wconf 89' lang='lat' dir='ltr'>viri</span> <span class='ocrx_word' id='word_1_32' title='bbox 1409 589 1487 640; x_wconf 82' lang='lat' dir='ltr'>sui,</span> <span class='ocrx_word' id='word_1_33' title='bbox 1529 592 1573 630; x_wconf 92' lang='lat' dir='ltr'>et</span> <span class='ocrx_word' id='word_1_34' title='bbox 1613 602 1688 642; x_wconf 88' lang='lat' dir='ltr'>pro</span> 
     </span>
     <span class='ocr_line' id='line_1_5' title="bbox 171 653 1687 709; baseline 0.001 -17"><span class='ocrx_word' id='word_1_35' title='bbox 171 653 330 707; x_wconf 81' lang='lat' dir='ltr'>Rogero</span> <span class='ocrx_word' id='word_1_36' title='bbox 362 655 413 695; x_wconf 91' lang='lat' dir='ltr'>de</span> <span class='ocrx_word' id='word_1_37' title='bbox 446 656 657 708; x_wconf 84' lang='lat' dir='ltr'>Moubray</span> <span class='ocrx_word' id='word_1_38' title='bbox 687 655 774 695; x_wconf 91' lang='lat' dir='ltr'>filio</span> <span class='ocrx_word' id='word_1_39' title='bbox 811 668 968 704; x_wconf 81' lang='lat' dir='ltr'>eorum,</span> <span class='ocrx_word' id='word_1_40' title='bbox 1005 659 1047 696; x_wconf 85' lang='lat' dir='ltr'>et</span> <span class='ocrx_word' id='word_1_41' title='bbox 1077 668 1152 709; x_wconf 90' lang='lat' dir='ltr'>pro</span> <span class='ocrx_word' id='word_1_42' title='bbox 1184 655 1334 708; x_wconf 86' lang='lat' dir='ltr'>seipsa,</span> <span class='ocrx_word' id='word_1_43' title='bbox 1371 655 1475 696; x_wconf 90' lang='lat' dir='ltr'>duas</span> <span class='ocrx_word' id='word_1_44' title='bbox 1512 655 1687 695; x_wconf 86' lang='lat' dir='ltr'>bovatas</span> 
     </span>
     <span class='ocr_line' id='line_1_6' title="bbox 167 720 1685 775; baseline 0.001 -17"><span class='ocrx_word' id='word_1_45' title='bbox 167 720 255 760; x_wconf 85' lang='lat' dir='ltr'>t’rae</span> <span class='ocrx_word' id='word_1_46' title='bbox 303 720 446 775; x_wconf 65' lang='lat'>(17812)</span> <span class='ocrx_word' id='word_1_47' title='bbox 498 722 544 762; x_wconf 90' lang='lat' dir='ltr'>in</span> <span class='ocrx_word' id='word_1_48' title='bbox 592 722 807 770; x_wconf 91' lang='lat' dir='ltr'>Honeton‚</span> <span class='ocrx_word' id='word_1_49' title='bbox 857 734 954 761; x_wconf 89' lang='lat' dir='ltr'>cum</span> <span class='ocrx_word' id='word_1_50' title='bbox 1008 735 1092 761; x_wconf 91' lang='lat' dir='ltr'>uno</span> <span class='ocrx_word' id='word_1_51' title='bbox 1138 721 1275 770; x_wconf 83' lang='lat' dir='ltr'>tofto,l</span> <span class='ocrx_word' id='word_1_52' title='bbox 1326 735 1431 775; x_wconf 89' lang='lat' dir='ltr'>quas</span> <span class='ocrx_word' id='word_1_53' title='bbox 1486 720 1685 761; x_wconf 88' lang='lat' dir='ltr'>monachi</span> 
     </span>
     <span class='ocr_line' id='line_1_7' title="bbox 168 785 1685 841; baseline 0.002 -17"><span class='ocrx_word' id='word_1_54' title='bbox 168 785 328 828; x_wconf 84' lang='lat' dir='ltr'>Rieval.</span> <span class='ocrx_word' id='word_1_55' title='bbox 361 791 509 828; x_wconf 89' lang='lat' dir='ltr'>tenent</span> <span class='ocrx_word' id='word_1_56' title='bbox 541 787 592 828; x_wconf 88' lang='lat' dir='ltr'>de</span> <span class='ocrx_word' id='word_1_57' title='bbox 627 787 752 841; x_wconf 72' lang='lat' dir='ltr'>praed.</span> <span class='ocrx_word' id='word_1_58' title='bbox 791 787 1315 840; x_wconf 83' lang='lat' dir='ltr'>Hospitali——Reddentes</span> <span class='ocrx_word' id='word_1_59' title='bbox 1347 788 1430 841; x_wconf 88' lang='lat' dir='ltr'>ipsi</span> <span class='ocrx_word' id='word_1_60' title='bbox 1468 787 1685 841; x_wconf 85' lang='lat' dir='ltr'>Hospitali</span> 
     </span>
     <span class='ocr_line' id='line_1_8' title="bbox 166 851 1684 906; baseline 0.002 -16"><span class='ocrx_word' id='word_1_61' title='bbox 166 853 389 893; x_wconf 87' lang='lat' dir='ltr'>annuatim</span> <span class='ocrx_word' id='word_1_62' title='bbox 412 867 486 894; x_wconf 87' lang='lat' dir='ltr'>sex</span> <span class='ocrx_word' id='word_1_63' title='bbox 517 851 696 894; x_wconf 83' lang='lat' dir='ltr'>solidos2</span> <span class='ocrx_word' id='word_1_64' title='bbox 718 853 770 893; x_wconf 89' lang='lat' dir='ltr'>ad</span> <span class='ocrx_word' id='word_1_65' title='bbox 802 852 1093 894; x_wconf 74' lang='lat' dir='ltr'>Pentecosten.</span> <span class='ocrx_word' id='word_1_66' title='bbox 1155 853 1376 894; x_wconf 82' lang='lat' dir='ltr'>Concessit</span> <span class='ocrx_word' id='word_1_67' title='bbox 1396 867 1494 894; x_wconf 88' lang='lat' dir='ltr'>vero</span> <span class='ocrx_word' id='word_1_68' title='bbox 1516 857 1559 894; x_wconf 91' lang='lat' dir='ltr'>et</span> <span class='ocrx_word' id='word_1_69' title='bbox 1589 866 1684 906; x_wconf 91' lang='lat' dir='ltr'>pro-</span> 
     </span>
     <span class='ocr_line' id='line_1_9' title="bbox 166 918 1683 972; baseline 0.002 -16"><span class='ocrx_word' id='word_1_70' title='bbox 166 918 284 958; x_wconf 90' lang='lat' dir='ltr'>misit</span> <span class='ocrx_word' id='word_1_71' title='bbox 304 919 425 960; x_wconf 79' lang='lat' dir='ltr'>bonae</span> <span class='ocrx_word' id='word_1_72' title='bbox 447 919 659 960; x_wconf 82' lang='lat' dir='ltr'>memoriae</span> <span class='ocrx_word' id='word_1_73' title='bbox 681 919 893 968; x_wconf 87' lang='lat' dir='ltr'>Ailredus‚</span> <span class='ocrx_word' id='word_1_74' title='bbox 915 918 1061 960; x_wconf 88' lang='lat' dir='ltr'>Abbas</span> <span class='ocrx_word' id='word_1_75' title='bbox 1084 919 1302 968; x_wconf 83' lang='lat' dir='ltr'>Rievallis,</span> <span class='ocrx_word' id='word_1_76' title='bbox 1324 922 1366 959; x_wconf 89' lang='lat' dir='ltr'>et</span> <span class='ocrx_word' id='word_1_77' title='bbox 1398 919 1527 960; x_wconf 85' lang='lat' dir='ltr'>Conv.</span> <span class='ocrx_word' id='word_1_78' title='bbox 1551 919 1683 972; x_wconf 80' lang='lat' dir='ltr'>ejusd.</span> 
     </span>
     <span class='ocr_line' id='line_1_10' title="bbox 164 982 1682 1040; baseline 0.002 -18"><span class='ocrx_word' id='word_1_79' title='bbox 164 982 258 1033; x_wconf 89' lang='lat' dir='ltr'>loci,</span> <span class='ocrx_word' id='word_1_80' title='bbox 291 986 365 1039; x_wconf 84' lang='lat' dir='ltr'>qui</span> <span class='ocrx_word' id='word_1_81' title='bbox 401 990 649 1040; x_wconf 88' lang='lat' dir='ltr'>receperunt</span> <span class='ocrx_word' id='word_1_82' title='bbox 685 985 810 1039; x_wconf 59' lang='lat' dir='ltr'>przed.</span> <span class='ocrx_word' id='word_1_83' title='bbox 849 985 955 1026; x_wconf 90' lang='lat' dir='ltr'>duas</span> <span class='ocrx_word' id='word_1_84' title='bbox 991 986 1084 1026; x_wconf 87' lang='lat' dir='ltr'>bov.</span> <span class='ocrx_word' id='word_1_85' title='bbox 1121 986 1219 1034; x_wconf 83' lang='lat' dir='ltr'>t’rae,</span> <span class='ocrx_word' id='word_1_86' title='bbox 1257 999 1353 1026; x_wconf 91' lang='lat' dir='ltr'>cum</span> <span class='ocrx_word' id='word_1_87' title='bbox 1395 999 1480 1026; x_wconf 90' lang='lat' dir='ltr'>uno</span> <span class='ocrx_word' id='word_1_88' title='bbox 1516 986 1682 1025; x_wconf 87' lang='lat' dir='ltr'>tofto—</span> 
     </span>
     <span class='ocr_line' id='line_1_11' title="bbox 163 1049 1679 1104; baseline 0.001 -15"><span class='ocrx_word' id='word_1_89' title='bbox 163 1049 383 1092; x_wconf 88' lang='lat' dir='ltr'>Tenendas</span> <span class='ocrx_word' id='word_1_90' title='bbox 425 1065 495 1092; x_wconf 85' lang='lat' dir='ltr'>eas</span> <span class='ocrx_word' id='word_1_91' title='bbox 531 1051 582 1092; x_wconf 89' lang='lat' dir='ltr'>de</span> <span class='ocrx_word' id='word_1_92' title='bbox 617 1050 743 1104; x_wconf 81' lang='lat' dir='ltr'>praed.</span> <span class='ocrx_word' id='word_1_93' title='bbox 782 1051 927 1104; x_wconf 87' lang='lat' dir='ltr'>Hosp.,</span> <span class='ocrx_word' id='word_1_94' title='bbox 963 1051 1163 1104; x_wconf 86' lang='lat' dir='ltr'>adjuvare</span> <span class='ocrx_word' id='word_1_95' title='bbox 1197 1055 1240 1091; x_wconf 87' lang='lat' dir='ltr'>et</span> <span class='ocrx_word' id='word_1_96' title='bbox 1271 1064 1514 1092; x_wconf 77' lang='lat' dir='ltr'>succurrere</span> <span class='ocrx_word' id='word_1_97' title='bbox 1555 1050 1679 1104; x_wconf 74' lang='lat' dir='ltr'>praed.</span> 
     </span>
     <span class='ocr_line' id='line_1_12' title="bbox 165 1115 1681 1170; baseline 0.001 -16"><span class='ocrx_word' id='word_1_98' title='bbox 165 1115 296 1170; x_wconf 90' lang='lat' dir='ltr'>Hosp.</span> <span class='ocrx_word' id='word_1_99' title='bbox 333 1117 569 1167; x_wconf 74' lang='lat' dir='ltr'>annuatim,</span> <span class='ocrx_word' id='word_1_100' title='bbox 604 1121 647 1158; x_wconf 92' lang='lat' dir='ltr'>et</span> <span class='ocrx_word' id='word_1_101' title='bbox 683 1116 886 1157; x_wconf 80' lang='lat' dir='ltr'>fratribus</span> <span class='ocrx_word' id='word_1_102' title='bbox 921 1117 1110 1170; x_wconf 85' lang='lat' dir='ltr'>ejusdem</span> <span class='ocrx_word' id='word_1_103' title='bbox 1146 1117 1239 1165; x_wconf 90' lang='lat' dir='ltr'>loci,</span> <span class='ocrx_word' id='word_1_104' title='bbox 1276 1117 1322 1157; x_wconf 90' lang='lat' dir='ltr'>in</span> <span class='ocrx_word' id='word_1_105' title='bbox 1355 1116 1681 1158; x_wconf 82' lang='lat' dir='ltr'>necessitatibus</span> 
     </span>
     <span class='ocr_line' id='line_1_13' title="bbox 161 1183 1680 1232; baseline 0.001 -11"><span class='ocrx_word' id='word_1_106' title='bbox 161 1183 453 1224; x_wconf 81' lang='lat' dir='ltr'>eorum—scil.</span> <span class='ocrx_word' id='word_1_107' title='bbox 492 1183 542 1224; x_wconf 93' lang='lat' dir='ltr'>de</span> <span class='ocrx_word' id='word_1_108' title='bbox 583 1183 797 1224; x_wconf 88' lang='lat' dir='ltr'>veteribus</span> <span class='ocrx_word' id='word_1_109' title='bbox 833 1183 1115 1232; x_wconf 79' lang='lat' dir='ltr'>vestimentis,</span> <span class='ocrx_word' id='word_1_110' title='bbox 1156 1187 1199 1224; x_wconf 92' lang='lat' dir='ltr'>et</span> <span class='ocrx_word' id='word_1_111' title='bbox 1240 1183 1334 1224; x_wconf 86' lang='lat' dir='ltr'>aliis</span> <span class='ocrx_word' id='word_1_112' title='bbox 1376 1183 1680 1223; x_wconf 80' lang='lat' dir='ltr'>additamentis</span> 
     </span>
     <span class='ocr_line' id='line_1_14' title="bbox 161 1248 1677 1302; baseline 0 -14"><span class='ocrx_word' id='word_1_113' title='bbox 161 1260 257 1300; x_wconf 77' lang='lat' dir='ltr'>quae</span> <span class='ocrx_word' id='word_1_114' title='bbox 278 1248 367 1289; x_wconf 88' lang='lat' dir='ltr'>dari</span> <span class='ocrx_word' id='word_1_115' title='bbox 381 1249 594 1290; x_wconf 87' lang='lat' dir='ltr'>voluerint</span> <span class='ocrx_word' id='word_1_116' title='bbox 615 1249 668 1290; x_wconf 92' lang='lat' dir='ltr'>ad</span> <span class='ocrx_word' id='word_1_117' title='bbox 690 1249 715 1290; x_wconf 87' lang='lat' dir='ltr'>f.</span> <span class='ocrx_word' id='word_1_118' title='bbox 735 1249 773 1290; x_wconf 82' lang='lat' dir='ltr'>S.</span> <span class='ocrx_word' id='word_1_119' title='bbox 789 1249 971 1289; x_wconf 88' lang='lat' dir='ltr'>Martini</span> <span class='ocrx_word' id='word_1_120' title='bbox 988 1249 1033 1289; x_wconf 88' lang='lat' dir='ltr'>in</span> <span class='ocrx_word' id='word_1_121' title='bbox 1050 1249 1335 1290; x_wconf 82' lang='lat' dir='ltr'>elemosinam.</span> <span class='ocrx_word' id='word_1_122' title='bbox 1399 1249 1677 1302; x_wconf 86' lang='lat' dir='ltr'>Temporibus</span> 
     </span>
     <span class='ocr_line' id='line_1_15' title="bbox 161 1312 1676 1371; baseline 0.002 -19"><span class='ocrx_word' id='word_1_123' title='bbox 161 1312 368 1367; x_wconf 82' lang='lat' dir='ltr'>Stephani</span> <span class='ocrx_word' id='word_1_124' title='bbox 399 1316 525 1371; x_wconf 82' lang='lat' dir='ltr'>Regis</span> <span class='ocrx_word' id='word_1_125' title='bbox 558 1315 737 1370; x_wconf 80' lang='lat' dir='ltr'>Angliae,</span> <span class='ocrx_word' id='word_1_126' title='bbox 768 1319 810 1355; x_wconf 91' lang='lat' dir='ltr'>et</span> <span class='ocrx_word' id='word_1_127' title='bbox 841 1329 1004 1369; x_wconf 83' lang='lat' dir='ltr'>magnae</span> <span class='ocrx_word' id='word_1_128' title='bbox 1035 1329 1195 1369; x_wconf 77' lang='lat' dir='ltr'>guerrae</span> <span class='ocrx_word' id='word_1_129' title='bbox 1216 1328 1311 1369; x_wconf 82' lang='lat' dir='ltr'>quae</span> <span class='ocrx_word' id='word_1_130' title='bbox 1342 1318 1430 1356; x_wconf 89' lang='lat' dir='ltr'>erat</span> <span class='ocrx_word' id='word_1_131' title='bbox 1460 1315 1505 1355; x_wconf 90' lang='lat' dir='ltr'>in</span> <span class='ocrx_word' id='word_1_132' title='bbox 1527 1314 1676 1356; x_wconf 92' lang='lat' dir='ltr'>diebus</span> 
     </span>
     <span class='ocr_line' id='line_1_16' title="bbox 160 1378 1677 1435; baseline 0.001 -16"><span class='ocrx_word' id='word_1_133' title='bbox 160 1378 263 1431; x_wconf 86' lang='lat' dir='ltr'>ejus,</span> <span class='ocrx_word' id='word_1_134' title='bbox 285 1384 374 1421; x_wconf 87' lang='lat' dir='ltr'>erat</span> <span class='ocrx_word' id='word_1_135' title='bbox 395 1381 569 1435; x_wconf 86' lang='lat' dir='ltr'>quidam</span> <span class='ocrx_word' id='word_1_136' title='bbox 602 1382 765 1431; x_wconf 84' lang='lat' dir='ltr'>Comes,</span> <span class='ocrx_word' id='word_1_137' title='bbox 786 1381 1032 1422; x_wconf 84' lang='lat' dir='ltr'>Willelmus</span> <span class='ocrx_word' id='word_1_138' title='bbox 1055 1381 1106 1422; x_wconf 91' lang='lat' dir='ltr'>de</span> <span class='ocrx_word' id='word_1_139' title='bbox 1128 1381 1372 1422; x_wconf 86' lang='lat' dir='ltr'>Albemarle</span> <span class='ocrx_word' id='word_1_140' title='bbox 1404 1381 1589 1430; x_wconf 90' lang='lat' dir='ltr'>nomine,</span> <span class='ocrx_word' id='word_1_141' title='bbox 1610 1380 1677 1421; x_wconf 86' lang='lat' dir='ltr'>vir</span> 
     </span>
     <span class='ocr_line' id='line_1_17' title="bbox 158 1446 1674 1501; baseline 0.001 -17"><span class='ocrx_word' id='word_1_142' title='bbox 158 1446 478 1488; x_wconf 85' lang='lat' dir='ltr'>strenuissimus</span> <span class='ocrx_word' id='word_1_143' title='bbox 520 1451 562 1488; x_wconf 91' lang='lat' dir='ltr'>et</span> <span class='ocrx_word' id='word_1_144' title='bbox 602 1461 766 1501; x_wconf 76' lang='lat' dir='ltr'>magnae</span> <span class='ocrx_word' id='word_1_145' title='bbox 807 1447 972 1488; x_wconf 77' lang='lat' dir='ltr'>militiae</span> <span class='ocrx_word' id='word_1_146' title='bbox 1013 1451 1056 1488; x_wconf 92' lang='lat' dir='ltr'>et</span> <span class='ocrx_word' id='word_1_147' title='bbox 1100 1447 1334 1501; x_wconf 85' lang='lat' dir='ltr'>potestatis,</span> <span class='ocrx_word' id='word_1_148' title='bbox 1376 1447 1450 1500; x_wconf 84' lang='lat' dir='ltr'>qui</span> <span class='ocrx_word' id='word_1_149' title='bbox 1498 1447 1674 1488; x_wconf 83' lang='lat' dir='ltr'>forestas</span> 
     </span>
    </p>
   </div>
   <div class='ocr_carea' id='block_1_3' title="bbox 141 1542 1673 3006">
    <p class='ocr_par' dir='ltr' id='par_1_3' title="bbox 141 1542 1673 3006">
     <span class='ocr_line' id='line_1_18' title="bbox 157 1542 1673 1588; baseline 0.002 -14"><span class='ocrx_word' id='word_1_150' title='bbox 157 1542 219 1574; x_wconf 87' lang='lat' dir='ltr'>the</span> <span class='ocrx_word' id='word_1_151' title='bbox 236 1555 337 1577; x_wconf 87' lang='lat' dir='ltr'>name</span> <span class='ocrx_word' id='word_1_152' title='bbox 355 1556 498 1587; x_wconf 85' lang='lat' dir='ltr'>appears</span> <span class='ocrx_word' id='word_1_153' title='bbox 516 1546 629 1578; x_wconf 87' lang='lat' dir='ltr'>under</span> <span class='ocrx_word' id='word_1_154' title='bbox 644 1546 705 1578; x_wconf 84' lang='lat' dir='ltr'>the</span> <span class='ocrx_word' id='word_1_155' title='bbox 722 1547 814 1578; x_wconf 81' lang='lat' dir='ltr'>form</span> <span class='ocrx_word' id='word_1_156' title='bbox 832 1546 875 1578; x_wconf 90' lang='lat' dir='ltr'>de</span> <span class='ocrx_word' id='word_1_157' title='bbox 893 1546 1004 1579; x_wconf 84' lang='lat' dir='ltr'>Alnei.</span> <span class='ocrx_word' id='word_1_158' title='bbox 1057 1546 1252 1588; x_wconf 83' lang='lat' dir='ltr'>Unluckily</span> <span class='ocrx_word' id='word_1_159' title='bbox 1269 1546 1331 1579; x_wconf 86' lang='lat' dir='ltr'>the</span> <span class='ocrx_word' id='word_1_160' title='bbox 1348 1546 1523 1579; x_wconf 84' lang='lat' dir='ltr'>reference</span> <span class='ocrx_word' id='word_1_161' title='bbox 1541 1546 1595 1578; x_wconf 84' lang='lat' dir='ltr'>for</span> <span class='ocrx_word' id='word_1_162' title='bbox 1611 1546 1673 1578; x_wconf 91' lang='lat' dir='ltr'>the</span> 
     </span>
     <span class='ocr_line' id='line_1_19' title="bbox 157 1598 1672 1643; baseline 0.003 -14"><span class='ocrx_word' id='word_1_163' title='bbox 157 1598 294 1631; x_wconf 86' lang='lat' dir='ltr'>charter</span> <span class='ocrx_word' id='word_1_164' title='bbox 318 1600 348 1632; x_wconf 89' lang='lat' dir='ltr'>is</span> <span class='ocrx_word' id='word_1_165' title='bbox 372 1601 510 1633; x_wconf 79' lang='lat' dir='ltr'>mislaid</span> <span class='ocrx_word' id='word_1_166' title='bbox 525 1604 606 1633; x_wconf 89' lang='lat'>:—“</span> <span class='ocrx_word' id='word_1_167' title='bbox 621 1601 813 1633; x_wconf 84' lang='lat' dir='ltr'>Godwinus</span> <span class='ocrx_word' id='word_1_168' title='bbox 839 1601 1011 1643; x_wconf 85' lang='lat' dir='ltr'>presbiter</span> <span class='ocrx_word' id='word_1_169' title='bbox 1037 1601 1232 1643; x_wconf 85' lang='lat' dir='ltr'>Hospitalis</span> <span class='ocrx_word' id='word_1_170' title='bbox 1256 1612 1449 1643; x_wconf 86' lang='lat' dir='ltr'>pauperum</span> <span class='ocrx_word' id='word_1_171' title='bbox 1474 1601 1517 1633; x_wconf 86' lang='lat' dir='ltr'>de</span> <span class='ocrx_word' id='word_1_172' title='bbox 1538 1601 1672 1633; x_wconf 84' lang='lat' dir='ltr'>Witebi</span> 
     </span>
     <span class='ocr_line' id='line_1_20' title="bbox 156 1655 1670 1698; baseline 0.001 -13"><span class='ocrx_word' id='word_1_173' title='bbox 156 1657 191 1685; x_wconf 88' lang='lat' dir='ltr'>et</span> <span class='ocrx_word' id='word_1_174' title='bbox 209 1657 306 1687; x_wconf 89' lang='lat' dir='ltr'>totus</span> <span class='ocrx_word' id='word_1_175' title='bbox 325 1655 527 1688; x_wconf 82' lang='lat' dir='ltr'>Conventus</span> <span class='ocrx_word' id='word_1_176' title='bbox 545 1656 703 1698; x_wconf 85' lang='lat' dir='ltr'>ejusdem</span> <span class='ocrx_word' id='word_1_177' title='bbox 728 1656 804 1695; x_wconf 84' lang='lat' dir='ltr'>loci,</span> <span class='ocrx_word' id='word_1_178' title='bbox 834 1656 996 1688; x_wconf 84' lang='lat' dir='ltr'>omnibus</span> <span class='ocrx_word' id='word_1_179' title='bbox 1022 1656 1185 1688; x_wconf 67' lang='lat' dir='ltr'>Ecclesiae</span> <span class='ocrx_word' id='word_1_180' title='bbox 1206 1656 1297 1695; x_wconf 87' lang='lat' dir='ltr'>filiis,</span> <span class='ocrx_word' id='word_1_181' title='bbox 1325 1656 1484 1690; x_wconf 88' lang='lat' dir='ltr'>salutem.</span> <span class='ocrx_word' id='word_1_182' title='bbox 1537 1656 1670 1688; x_wconf 87' lang='lat' dir='ltr'>Notum</span> 
     </span>
     <span class='ocr_line' id='line_1_21' title="bbox 155 1708 1670 1744; baseline 0.002 -4"><span class='ocrx_word' id='word_1_183' title='bbox 155 1708 202 1741; x_wconf 90' lang='lat' dir='ltr'>sit</span> <span class='ocrx_word' id='word_1_184' title='bbox 231 1710 394 1742; x_wconf 85' lang='lat' dir='ltr'>omnibus</span> <span class='ocrx_word' id='word_1_185' title='bbox 426 1722 488 1743; x_wconf 90' lang='lat' dir='ltr'>nos</span> <span class='ocrx_word' id='word_1_186' title='bbox 522 1711 659 1743; x_wconf 86' lang='lat' dir='ltr'>dedisse</span> <span class='ocrx_word' id='word_1_187' title='bbox 685 1713 721 1743; x_wconf 88' lang='lat' dir='ltr'>et</span> <span class='ocrx_word' id='word_1_188' title='bbox 748 1711 958 1744; x_wconf 84' lang='lat' dir='ltr'>concessisse</span> <span class='ocrx_word' id='word_1_189' title='bbox 982 1711 1133 1743; x_wconf 86' lang='lat' dir='ltr'>ecclesiae</span> <span class='ocrx_word' id='word_1_190' title='bbox 1163 1711 1195 1744; x_wconf 81' lang='lat' dir='ltr'>S.</span> <span class='ocrx_word' id='word_1_191' title='bbox 1223 1712 1344 1744; x_wconf 86' lang='lat' dir='ltr'>Mariae</span> <span class='ocrx_word' id='word_1_192' title='bbox 1374 1711 1605 1744; x_wconf 82' lang='lat' dir='ltr'>Rievallensis</span> <span class='ocrx_word' id='word_1_193' title='bbox 1635 1714 1670 1743; x_wconf 85' lang='lat' dir='ltr'>et</span> 
     </span>
     <span class='ocr_line' id='line_1_22' title="bbox 154 1765 1669 1807; baseline 0.002 -11"><span class='ocrx_word' id='word_1_194' title='bbox 154 1765 332 1797; x_wconf 85' lang='lat' dir='ltr'>monachis</span> <span class='ocrx_word' id='word_1_195' title='bbox 349 1766 432 1798; x_wconf 88' lang='lat' dir='ltr'>ibid.</span> <span class='ocrx_word' id='word_1_196' title='bbox 460 1766 533 1798; x_wconf 91' lang='lat' dir='ltr'>Deo</span> <span class='ocrx_word' id='word_1_197' title='bbox 550 1777 650 1806; x_wconf 87' lang='lat' dir='ltr'>serv.‚</span> <span class='ocrx_word' id='word_1_198' title='bbox 679 1766 822 1799; x_wconf 84' lang='lat' dir='ltr'>consilio</span> <span class='ocrx_word' id='word_1_199' title='bbox 847 1770 883 1799; x_wconf 90' lang='lat' dir='ltr'>et</span> <span class='ocrx_word' id='word_1_200' title='bbox 908 1778 1071 1799; x_wconf 87' lang='lat' dir='ltr'>concessu</span> <span class='ocrx_word' id='word_1_201' title='bbox 1090 1767 1239 1799; x_wconf 88' lang='lat' dir='ltr'>Abbatis</span> <span class='ocrx_word' id='word_1_202' title='bbox 1265 1767 1308 1799; x_wconf 88' lang='lat' dir='ltr'>de</span> <span class='ocrx_word' id='word_1_203' title='bbox 1326 1767 1469 1807; x_wconf 85' lang='lat' dir='ltr'>Witebi,</span> <span class='ocrx_word' id='word_1_204' title='bbox 1489 1770 1524 1799; x_wconf 90' lang='lat' dir='ltr'>et</span> <span class='ocrx_word' id='word_1_205' title='bbox 1550 1767 1669 1799; x_wconf 84' lang='lat' dir='ltr'>fratris</span> 
     </span>
     <span class='ocr_line' id='line_1_23' title="bbox 154 1820 1669 1863; baseline 0.002 -12"><span class='ocrx_word' id='word_1_206' title='bbox 154 1820 300 1852; x_wconf 84' lang='lat' dir='ltr'>Roberti</span> <span class='ocrx_word' id='word_1_207' title='bbox 318 1821 361 1853; x_wconf 89' lang='lat' dir='ltr'>de</span> <span class='ocrx_word' id='word_1_208' title='bbox 385 1821 500 1861; x_wconf 88' lang='lat' dir='ltr'>Alnei‚</span> <span class='ocrx_word' id='word_1_209' title='bbox 526 1824 562 1853; x_wconf 91' lang='lat' dir='ltr'>et</span> <span class='ocrx_word' id='word_1_210' title='bbox 587 1822 693 1854; x_wconf 87' lang='lat' dir='ltr'>Conv.</span> <span class='ocrx_word' id='word_1_211' title='bbox 721 1822 831 1863; x_wconf 84' lang='lat' dir='ltr'>ipsius</span> <span class='ocrx_word' id='word_1_212' title='bbox 856 1822 931 1860; x_wconf 91' lang='lat' dir='ltr'>loci,</span> <span class='ocrx_word' id='word_1_213' title='bbox 958 1822 997 1854; x_wconf 89' lang='lat' dir='ltr'>iii</span> <span class='ocrx_word' id='word_1_214' title='bbox 1022 1822 1168 1854; x_wconf 90' lang='lat' dir='ltr'>bovatas</span> <span class='ocrx_word' id='word_1_215' title='bbox 1194 1823 1266 1854; x_wconf 85' lang='lat' dir='ltr'>t&#39;rae</span> <span class='ocrx_word' id='word_1_216' title='bbox 1292 1822 1328 1854; x_wconf 89' lang='lat' dir='ltr'>in</span> <span class='ocrx_word' id='word_1_217' title='bbox 1354 1823 1554 1862; x_wconf 88' lang='lat' dir='ltr'>Honatune,</span> <span class='ocrx_word' id='word_1_218' title='bbox 1581 1823 1669 1854; x_wconf 84' lang='lat' dir='ltr'>duas</span> 
     </span>
     <span class='ocr_line' id='line_1_24' title="bbox 152 1876 1669 1920; baseline 0.001 -13"><span class='ocrx_word' id='word_1_219' title='bbox 152 1886 239 1916; x_wconf 89' lang='lat' dir='ltr'>quas</span> <span class='ocrx_word' id='word_1_220' title='bbox 256 1876 372 1908; x_wconf 89' lang='lat' dir='ltr'>tenuit</span> <span class='ocrx_word' id='word_1_221' title='bbox 390 1876 433 1908; x_wconf 90' lang='lat' dir='ltr'>de</span> <span class='ocrx_word' id='word_1_222' title='bbox 458 1877 558 1909; x_wconf 89' lang='lat' dir='ltr'>nobis</span> <span class='ocrx_word' id='word_1_223' title='bbox 576 1877 747 1916; x_wconf 82' lang='lat' dir='ltr'>Ernanus,</span> <span class='ocrx_word' id='word_1_224' title='bbox 766 1879 803 1909; x_wconf 87' lang='lat' dir='ltr'>et</span> <span class='ocrx_word' id='word_1_225' title='bbox 819 1877 960 1909; x_wconf 83' lang='lat' dir='ltr'>tertiam</span> <span class='ocrx_word' id='word_1_226' title='bbox 979 1877 1071 1909; x_wconf 86' lang='lat' dir='ltr'>unde</span> <span class='ocrx_word' id='word_1_227' title='bbox 1097 1888 1159 1909; x_wconf 88' lang='lat' dir='ltr'>nos</span> <span class='ocrx_word' id='word_1_228' title='bbox 1177 1877 1436 1910; x_wconf 87' lang='lat' dir='ltr'>disseisiaverat</span> <span class='ocrx_word' id='word_1_229' title='bbox 1461 1877 1669 1920; x_wconf 82' lang='lat' dir='ltr'>Radulphus</span> 
     </span>
     <span class='ocr_line' id='line_1_25' title="bbox 152 1930 1668 1976; baseline 0.001 -14"><span class='ocrx_word' id='word_1_230' title='bbox 152 1930 238 1970; x_wconf 86' lang='lat' dir='ltr'>Bet&#39;,</span> <span class='ocrx_word' id='word_1_231' title='bbox 256 1931 308 1963; x_wconf 88' lang='lat' dir='ltr'>ita</span> <span class='ocrx_word' id='word_1_232' title='bbox 326 1934 366 1964; x_wconf 88' lang='lat' dir='ltr'>ut</span> <span class='ocrx_word' id='word_1_233' title='bbox 382 1942 445 1974; x_wconf 88' lang='lat' dir='ltr'>pro</span> <span class='ocrx_word' id='word_1_234' title='bbox 462 1931 545 1974; x_wconf 88' lang='lat' dir='ltr'>ipsis</span> <span class='ocrx_word' id='word_1_235' title='bbox 562 1932 676 1964; x_wconf 76' lang='lat' dir='ltr'>tribus</span> <span class='ocrx_word' id='word_1_236' title='bbox 693 1932 771 1964; x_wconf 87' lang='lat' dir='ltr'>bov.</span> <span class='ocrx_word' id='word_1_237' title='bbox 790 1932 942 1965; x_wconf 85' lang='lat' dir='ltr'>reddant</span> <span class='ocrx_word' id='word_1_238' title='bbox 965 1932 1065 1965; x_wconf 86' lang='lat' dir='ltr'>nobis</span> <span class='ocrx_word' id='word_1_239' title='bbox 1090 1933 1237 1976; x_wconf 84' lang='lat' dir='ltr'>singulis</span> <span class='ocrx_word' id='word_1_240' title='bbox 1263 1933 1364 1965; x_wconf 87' lang='lat' dir='ltr'>annis</span> <span class='ocrx_word' id='word_1_241' title='bbox 1388 1932 1427 1964; x_wconf 90' lang='lat' dir='ltr'>iii</span> <span class='ocrx_word' id='word_1_242' title='bbox 1445 1933 1505 1965; x_wconf 86' lang='lat' dir='ltr'>sol.</span> <span class='ocrx_word' id='word_1_243' title='bbox 1526 1932 1563 1964; x_wconf 88' lang='lat' dir='ltr'>in</span> <span class='ocrx_word' id='word_1_244' title='bbox 1580 1932 1668 1964; x_wconf 92' lang='lat' dir='ltr'>Pen-</span> 
     </span>
     <span class='ocr_line' id='line_1_26' title="bbox 150 1987 1667 2030; baseline 0 -12"><span class='ocrx_word' id='word_1_245' title='bbox 150 1988 282 2018; x_wconf 88' lang='lat' dir='ltr'>tecoste</span> <span class='ocrx_word' id='word_1_246' title='bbox 307 1997 369 2028; x_wconf 88' lang='lat' dir='ltr'>pro</span> <span class='ocrx_word' id='word_1_247' title='bbox 386 1987 481 2018; x_wconf 91' lang='lat' dir='ltr'>omni</span> <span class='ocrx_word' id='word_1_248' title='bbox 505 1987 658 2026; x_wconf 85' lang='lat' dir='ltr'>servitiO,</span> <span class='ocrx_word' id='word_1_249' title='bbox 678 1990 714 2019; x_wconf 86' lang='lat' dir='ltr'>et</span> <span class='ocrx_word' id='word_1_250' title='bbox 739 1990 779 2019; x_wconf 89' lang='lat' dir='ltr'>ut</span> <span class='ocrx_word' id='word_1_251' title='bbox 801 1987 908 2020; x_wconf 88' lang='lat' dir='ltr'>simus</span> <span class='ocrx_word' id='word_1_252' title='bbox 933 1988 1121 2030; x_wconf 86' lang='lat' dir='ltr'>participes</span> <span class='ocrx_word' id='word_1_253' title='bbox 1139 1988 1333 2020; x_wconf 85' lang='lat' dir='ltr'>orationum</span> <span class='ocrx_word' id='word_1_254' title='bbox 1360 1990 1396 2020; x_wconf 92' lang='lat' dir='ltr'>et</span> <span class='ocrx_word' id='word_1_255' title='bbox 1423 1987 1667 2019; x_wconf 85' lang='lat' dir='ltr'>beneficiorum</span> 
     </span>
     <span class='ocr_line' id='line_1_27' title="bbox 149 2041 1666 2086; baseline 0.001 -13"><span class='ocrx_word' id='word_1_256' title='bbox 149 2041 298 2082; x_wconf 88' lang='lat' dir='ltr'>illorum,</span> <span class='ocrx_word' id='word_1_257' title='bbox 317 2044 353 2074; x_wconf 90' lang='lat' dir='ltr'>et</span> <span class='ocrx_word' id='word_1_258' title='bbox 370 2041 436 2084; x_wconf 87' lang='lat' dir='ltr'>ipsi</span> <span class='ocrx_word' id='word_1_259' title='bbox 453 2045 658 2075; x_wconf 86' lang='lat' dir='ltr'>nostrorum.</span> <span class='ocrx_word' id='word_1_260' title='bbox 710 2042 746 2075; x_wconf 83' lang='lat' dir='ltr'>Si</span> <span class='ocrx_word' id='word_1_261' title='bbox 763 2042 889 2085; x_wconf 90' lang='lat' dir='ltr'>aliquis</span> <span class='ocrx_word' id='word_1_262' title='bbox 907 2053 964 2075; x_wconf 85' lang='lat' dir='ltr'>eos</span> <span class='ocrx_word' id='word_1_263' title='bbox 989 2043 1188 2086; x_wconf 83' lang='lat' dir='ltr'>gravaverit</span> <span class='ocrx_word' id='word_1_264' title='bbox 1212 2043 1256 2075; x_wconf 91' lang='lat' dir='ltr'>de</span> <span class='ocrx_word' id='word_1_265' title='bbox 1281 2042 1355 2084; x_wconf 86' lang='lat' dir='ltr'>ipsa</span> <span class='ocrx_word' id='word_1_266' title='bbox 1371 2042 1447 2083; x_wconf 74' lang='lat' dir='ltr'>t’ra,</span> <span class='ocrx_word' id='word_1_267' title='bbox 1467 2042 1570 2075; x_wconf 91' lang='lat' dir='ltr'>simul</span> <span class='ocrx_word' id='word_1_268' title='bbox 1588 2054 1666 2074; x_wconf 90' lang='lat' dir='ltr'>cum</span> 
     </span>
     <span class='ocr_line' id='line_1_28' title="bbox 148 2096 1663 2138; baseline 0.001 -10"><span class='ocrx_word' id='word_1_269' title='bbox 148 2096 233 2138; x_wconf 84' lang='lat' dir='ltr'>ipsis</span> <span class='ocrx_word' id='word_1_270' title='bbox 250 2097 377 2128; x_wconf 87' lang='lat' dir='ltr'>erimus</span> <span class='ocrx_word' id='word_1_271' title='bbox 402 2097 438 2128; x_wconf 91' lang='lat' dir='ltr'>in</span> <span class='ocrx_word' id='word_1_272' title='bbox 463 2097 634 2137; x_wconf 86' lang='lat' dir='ltr'>omnibus,</span> <span class='ocrx_word' id='word_1_273' title='bbox 653 2108 717 2130; x_wconf 89' lang='lat' dir='ltr'>nec</span> <span class='ocrx_word' id='word_1_274' title='bbox 742 2098 922 2130; x_wconf 88' lang='lat' dir='ltr'>redditum</span> <span class='ocrx_word' id='word_1_275' title='bbox 946 2100 1106 2130; x_wconf 86' lang='lat' dir='ltr'>nostrum</span> <span class='ocrx_word' id='word_1_276' title='bbox 1132 2098 1347 2130; x_wconf 88' lang='lat' dir='ltr'>amittemus.</span> <span class='ocrx_word' id='word_1_277' title='bbox 1398 2097 1478 2129; x_wconf 88' lang='lat' dir='ltr'>Hiis</span> <span class='ocrx_word' id='word_1_278' title='bbox 1502 2097 1663 2130; x_wconf 86' lang='lat' dir='ltr'>testibus.</span> 
     </span>
     <span class='ocr_line' id='line_1_29' title="bbox 151 2151 1665 2194; baseline 0.001 -11"><span class='ocrx_word' id='word_1_279' title='bbox 151 2151 385 2194; x_wconf 84' lang='lat' dir='ltr'>Hingelramo,</span> <span class='ocrx_word' id='word_1_280' title='bbox 405 2152 522 2184; x_wconf 86' lang='lat' dir='ltr'>Presb.</span> <span class='ocrx_word' id='word_1_281' title='bbox 542 2153 585 2184; x_wconf 90' lang='lat' dir='ltr'>de</span> <span class='ocrx_word' id='word_1_282' title='bbox 603 2152 828 2186; x_wconf 85' lang='lat' dir='ltr'>Wellaburn&#39;.</span> <span class='ocrx_word' id='word_1_283' title='bbox 880 2153 1067 2192; x_wconf 62' lang='lat' dir='ltr'>Willdmo,</span> <span class='ocrx_word' id='word_1_284' title='bbox 1090 2153 1221 2185; x_wconf 81' lang='lat' dir='ltr'>Clerico</span> <span class='ocrx_word' id='word_1_285' title='bbox 1238 2153 1281 2185; x_wconf 91' lang='lat' dir='ltr'>de</span> <span class='ocrx_word' id='word_1_286' title='bbox 1300 2153 1459 2185; x_wconf 88' lang='lat' dir='ltr'>Kirkebi.</span> <span class='ocrx_word' id='word_1_287' title='bbox 1511 2152 1665 2184; x_wconf 87' lang='lat' dir='ltr'>Radulfo</span> 
     </span>
     <span class='ocr_line' id='line_1_30' title="bbox 147 2206 1661 2250; baseline 0 -12"><span class='ocrx_word' id='word_1_288' title='bbox 147 2206 191 2238; x_wconf 90' lang='lat' dir='ltr'>de</span> <span class='ocrx_word' id='word_1_289' title='bbox 209 2206 330 2239; x_wconf 77' lang='lat' dir='ltr'>Wath.</span> <span class='ocrx_word' id='word_1_290' title='bbox 381 2207 496 2239; x_wconf 88' lang='lat' dir='ltr'>Alano</span> <span class='ocrx_word' id='word_1_291' title='bbox 513 2208 555 2239; x_wconf 92' lang='lat' dir='ltr'>de</span> <span class='ocrx_word' id='word_1_292' title='bbox 581 2207 785 2250; x_wconf 82' lang='lat' dir='ltr'>Bulef[0rd].</span> <span class='ocrx_word' id='word_1_293' title='bbox 837 2208 951 2239; x_wconf 86' lang='lat' dir='ltr'>Alano</span> <span class='ocrx_word' id='word_1_294' title='bbox 969 2208 1012 2239; x_wconf 86' lang='lat' dir='ltr'>de</span> <span class='ocrx_word' id='word_1_295' title='bbox 1039 2207 1248 2250; x_wconf 84' lang='lat' dir='ltr'>Nagaltune.</span> <span class='ocrx_word' id='word_1_296' title='bbox 1299 2208 1403 2240; x_wconf 86' lang='lat' dir='ltr'>Petro</span> <span class='ocrx_word' id='word_1_297' title='bbox 1421 2207 1464 2239; x_wconf 94' lang='lat' dir='ltr'>de</span> <span class='ocrx_word' id='word_1_298' title='bbox 1482 2207 1661 2239; x_wconf 88' lang='lat' dir='ltr'>Honetun.</span> 
     </span>
     <span class='ocr_line' id='line_1_31' title="bbox 147 2261 1663 2303; baseline 0 -10"><span class='ocrx_word' id='word_1_299' title='bbox 147 2262 323 2301; x_wconf 78' lang='lat' dir='ltr'>Bernulfo‚</span> <span class='ocrx_word' id='word_1_300' title='bbox 351 2261 516 2302; x_wconf 82' lang='lat' dir='ltr'>Roberto,</span> <span class='ocrx_word' id='word_1_301' title='bbox 543 2266 579 2294; x_wconf 87' lang='lat' dir='ltr'>et</span> <span class='ocrx_word' id='word_1_302' title='bbox 596 2263 775 2295; x_wconf 88' lang='lat' dir='ltr'>Willelmo</span> <span class='ocrx_word' id='word_1_303' title='bbox 799 2263 842 2294; x_wconf 92' lang='lat' dir='ltr'>de</span> <span class='ocrx_word' id='word_1_304' title='bbox 868 2263 988 2294; x_wconf 84' lang='lat' dir='ltr'>eadem</span> <span class='ocrx_word' id='word_1_305' title='bbox 1006 2262 1126 2294; x_wconf 91' lang='lat' dir='ltr'>villa.’&#39;</span> <span class='ocrx_word' id='word_1_306' title='bbox 1176 2263 1219 2294; x_wconf 89' lang='lat' dir='ltr'>In</span> <span class='ocrx_word' id='word_1_307' title='bbox 1244 2262 1442 2294; x_wconf 84' lang='lat' dir='ltr'>conclusion</span> <span class='ocrx_word' id='word_1_308' title='bbox 1468 2262 1497 2294; x_wconf 88' lang='lat' dir='ltr'>it</span> <span class='ocrx_word' id='word_1_309' title='bbox 1522 2272 1603 2303; x_wconf 91' lang='lat' dir='ltr'>may</span> <span class='ocrx_word' id='word_1_310' title='bbox 1620 2262 1663 2294; x_wconf 88' lang='lat' dir='ltr'>be</span> 
     </span>
     <span class='ocr_line' id='line_1_32' title="bbox 145 2316 1663 2359; baseline -0.001 -10"><span class='ocrx_word' id='word_1_311' title='bbox 145 2316 273 2358; x_wconf 87' lang='lat' dir='ltr'>simply</span> <span class='ocrx_word' id='word_1_312' title='bbox 290 2316 404 2348; x_wconf 85' lang='lat' dir='ltr'>added</span> <span class='ocrx_word' id='word_1_313' title='bbox 428 2317 507 2349; x_wconf 84' lang='lat' dir='ltr'>that</span> <span class='ocrx_word' id='word_1_314' title='bbox 533 2317 668 2349; x_wconf 87' lang='lat' dir='ltr'>Burton</span> <span class='ocrx_word' id='word_1_315' title='bbox 686 2318 924 2357; x_wconf 74' lang='lat' dir='ltr'>(Menasticon,</span> <span class='ocrx_word' id='word_1_316' title='bbox 943 2328 976 2359; x_wconf 91' lang='lat' dir='ltr'>p.</span> <span class='ocrx_word' id='word_1_317' title='bbox 997 2319 1076 2355; x_wconf 87' lang='lat'>328)</span> <span class='ocrx_word' id='word_1_318' title='bbox 1096 2317 1133 2349; x_wconf 88' lang='lat' dir='ltr'>in</span> <span class='ocrx_word' id='word_1_319' title='bbox 1158 2317 1277 2359; x_wconf 85' lang='lat' dir='ltr'>giving</span> <span class='ocrx_word' id='word_1_320' title='bbox 1297 2317 1351 2349; x_wconf 89' lang='lat' dir='ltr'>his</span> <span class='ocrx_word' id='word_1_321' title='bbox 1377 2319 1525 2348; x_wconf 85' lang='lat' dir='ltr'>account</span> <span class='ocrx_word' id='word_1_322' title='bbox 1542 2316 1579 2347; x_wconf 84' lang='lat' dir='ltr'>of</span> <span class='ocrx_word' id='word_1_323' title='bbox 1603 2316 1663 2348; x_wconf 86' lang='lat' dir='ltr'>the</span> 
     </span>
     <span class='ocr_line' id='line_1_33' title="bbox 145 2371 1663 2413; baseline -0.001 -10"><span class='ocrx_word' id='word_1_324' title='bbox 145 2371 337 2404; x_wconf 85' lang='lat' dir='ltr'>successive</span> <span class='ocrx_word' id='word_1_325' title='bbox 363 2374 457 2412; x_wconf 79' lang='lat' dir='ltr'>steps</span> <span class='ocrx_word' id='word_1_326' title='bbox 481 2372 517 2403; x_wconf 88' lang='lat' dir='ltr'>in</span> <span class='ocrx_word' id='word_1_327' title='bbox 543 2372 602 2404; x_wconf 82' lang='lat' dir='ltr'>the</span> <span class='ocrx_word' id='word_1_328' title='bbox 627 2372 835 2404; x_wconf 86' lang='lat' dir='ltr'>foundation</span> <span class='ocrx_word' id='word_1_329' title='bbox 854 2372 891 2403; x_wconf 82' lang='lat' dir='ltr'>of</span> <span class='ocrx_word' id='word_1_330' title='bbox 914 2372 1051 2413; x_wconf 81' lang='lat' dir='ltr'>Byland</span> <span class='ocrx_word' id='word_1_331' title='bbox 1077 2382 1157 2413; x_wconf 84' lang='lat' dir='ltr'>says</span> <span class='ocrx_word' id='word_1_332' title='bbox 1181 2371 1261 2403; x_wconf 87' lang='lat' dir='ltr'>that</span> <span class='ocrx_word' id='word_1_333' title='bbox 1286 2371 1416 2403; x_wconf 82' lang='lat' dir='ltr'>Gerold</span> <span class='ocrx_word' id='word_1_334' title='bbox 1441 2371 1510 2402; x_wconf 85' lang='lat' dir='ltr'>and</span> <span class='ocrx_word' id='word_1_335' title='bbox 1535 2371 1663 2403; x_wconf 82' lang='lat' dir='ltr'>twelve</span> 
     </span>
     <span class='ocr_line' id='line_1_34' title="bbox 146 2425 1662 2469; baseline 0 -11"><span class='ocrx_word' id='word_1_336' title='bbox 146 2426 272 2458; x_wconf 84' lang='lat' dir='ltr'>monks</span> <span class='ocrx_word' id='word_1_337' title='bbox 301 2426 389 2457; x_wconf 82' lang='lat' dir='ltr'>from</span> <span class='ocrx_word' id='word_1_338' title='bbox 416 2426 567 2458; x_wconf 80' lang='lat' dir='ltr'>Furness</span> <span class='ocrx_word' id='word_1_339' title='bbox 595 2426 664 2458; x_wconf 83' lang='lat' dir='ltr'>fied</span> <span class='ocrx_word' id='word_1_340' title='bbox 692 2429 729 2458; x_wconf 87' lang='lat' dir='ltr'>to</span> <span class='ocrx_word' id='word_1_341' title='bbox 757 2426 868 2465; x_wconf 85' lang='lat' dir='ltr'>York,</span> <span class='ocrx_word' id='word_1_342' title='bbox 899 2437 989 2458; x_wconf 87' lang='lat' dir='ltr'>were</span> <span class='ocrx_word' id='word_1_343' title='bbox 1023 2426 1149 2468; x_wconf 88' lang='lat' dir='ltr'>kindly</span> <span class='ocrx_word' id='word_1_344' title='bbox 1179 2426 1336 2458; x_wconf 87' lang='lat' dir='ltr'>received</span> <span class='ocrx_word' id='word_1_345' title='bbox 1369 2425 1417 2467; x_wconf 91' lang='lat' dir='ltr'>by</span> <span class='ocrx_word' id='word_1_346' title='bbox 1442 2426 1662 2469; x_wconf 83' lang='lat' dir='ltr'>Archbishop</span> 
     </span>
     <span class='ocr_line' id='line_1_35' title="bbox 145 2481 1661 2523; baseline 0.001 -10"><span class='ocrx_word' id='word_1_347' title='bbox 145 2482 333 2520; x_wconf 88' lang='lat' dir='ltr'>Thurstan,</span> <span class='ocrx_word' id='word_1_348' title='bbox 351 2481 430 2513; x_wconf 90' lang='lat' dir='ltr'>who</span> <span class='ocrx_word' id='word_1_349' title='bbox 447 2481 655 2514; x_wconf 86' lang='lat' dir='ltr'>committed</span> <span class='ocrx_word' id='word_1_350' title='bbox 671 2481 768 2513; x_wconf 86' lang='lat' dir='ltr'>them</span> <span class='ocrx_word' id='word_1_351' title='bbox 785 2483 823 2513; x_wconf 88' lang='lat' dir='ltr'>to</span> <span class='ocrx_word' id='word_1_352' title='bbox 840 2481 903 2513; x_wconf 89' lang='lat' dir='ltr'>the</span> <span class='ocrx_word' id='word_1_353' title='bbox 919 2481 1047 2523; x_wconf 82' lang='lat' dir='ltr'>charge</span> <span class='ocrx_word' id='word_1_354' title='bbox 1065 2481 1101 2512; x_wconf 82' lang='lat' dir='ltr'>of</span> <span class='ocrx_word' id='word_1_355' title='bbox 1119 2481 1232 2523; x_wconf 75' lang='lat' dir='ltr'>Roget·</span> <span class='ocrx_word' id='word_1_356' title='bbox 1249 2481 1293 2512; x_wconf 89' lang='lat' dir='ltr'>de</span> <span class='ocrx_word' id='word_1_357' title='bbox 1311 2481 1495 2523; x_wconf 88' lang='lat' dir='ltr'>Mowbray</span> <span class='ocrx_word' id='word_1_358' title='bbox 1512 2482 1582 2513; x_wconf 89' lang='lat' dir='ltr'>and</span> <span class='ocrx_word' id='word_1_359' title='bbox 1607 2482 1661 2515; x_wconf 88' lang='lat' dir='ltr'>his</span> 
     </span>
     <span class='ocr_line' id='line_1_36' title="bbox 144 2535 1661 2574; baseline 0 -5"><span class='ocrx_word' id='word_1_360' title='bbox 144 2536 283 2569; x_wconf 85' lang='lat' dir='ltr'>mother</span> <span class='ocrx_word' id='word_1_361' title='bbox 306 2535 485 2573; x_wconf 85' lang='lat' dir='ltr'>Gundred,</span> <span class='ocrx_word' id='word_1_362' title='bbox 505 2535 585 2567; x_wconf 89' lang='lat' dir='ltr'>who</span> <span class='ocrx_word' id='word_1_363' title='bbox 615 2538 727 2568; x_wconf 84' lang='lat' dir='ltr'>“sent</span> <span class='ocrx_word' id='word_1_364' title='bbox 751 2536 850 2568; x_wconf 88' lang='lat' dir='ltr'>them</span> <span class='ocrx_word' id='word_1_365' title='bbox 875 2538 912 2568; x_wconf 88' lang='lat' dir='ltr'>to</span> <span class='ocrx_word' id='word_1_366' title='bbox 938 2536 1072 2567; x_wconf 86' lang='lat' dir='ltr'>Robert</span> <span class='ocrx_word' id='word_1_367' title='bbox 1097 2536 1140 2567; x_wconf 82' lang='grc'>(16</span> <span class='ocrx_word' id='word_1_368' title='bbox 1167 2536 1307 2574; x_wconf 89' lang='lat' dir='ltr'>Alneto,</span> <span class='ocrx_word' id='word_1_369' title='bbox 1334 2546 1354 2567; x_wconf 87' lang='lat' dir='ltr'>a</span> <span class='ocrx_word' id='word_1_370' title='bbox 1377 2536 1496 2568; x_wconf 85' lang='lat' dir='ltr'>native</span> <span class='ocrx_word' id='word_1_371' title='bbox 1513 2536 1550 2567; x_wconf 84' lang='lat' dir='ltr'>of</span> <span class='ocrx_word' id='word_1_372' title='bbox 1573 2537 1661 2569; x_wconf 91' lang='lat' dir='ltr'>Nor-</span> 
     </span>
     <span class='ocr_line' id='line_1_37' title="bbox 143 2589 1659 2633; baseline 0.001 -11"><span class='ocrx_word' id='word_1_373' title='bbox 143 2590 285 2633; x_wconf 88' lang='lat' dir='ltr'>mandy,</span> <span class='ocrx_word' id='word_1_374' title='bbox 310 2590 373 2622; x_wconf 89' lang='lat' dir='ltr'>her</span> <span class='ocrx_word' id='word_1_375' title='bbox 397 2590 508 2631; x_wconf 86' lang='lat' dir='ltr'>uncle,</span> <span class='ocrx_word' id='word_1_376' title='bbox 528 2601 566 2622; x_wconf 89' lang='lat' dir='ltr'>or</span> <span class='ocrx_word' id='word_1_377' title='bbox 589 2590 746 2632; x_wconf 82' lang='lat' dir='ltr'>nephew,</span> <span class='ocrx_word' id='word_1_378' title='bbox 765 2590 845 2622; x_wconf 85' lang='lat' dir='ltr'>who</span> <span class='ocrx_word' id='word_1_379' title='bbox 862 2589 933 2622; x_wconf 88' lang='lat' dir='ltr'>had</span> <span class='ocrx_word' id='word_1_380' title='bbox 957 2590 1043 2622; x_wconf 89' lang='lat' dir='ltr'>been</span> <span class='ocrx_word' id='word_1_381' title='bbox 1062 2601 1083 2621; x_wconf 88' lang='lat' dir='ltr'>a</span> <span class='ocrx_word' id='word_1_382' title='bbox 1107 2590 1215 2621; x_wconf 88' lang='lat' dir='ltr'>monk</span> <span class='ocrx_word' id='word_1_383' title='bbox 1242 2593 1279 2622; x_wconf 85' lang='lat' dir='ltr'>at</span> <span class='ocrx_word' id='word_1_384' title='bbox 1297 2590 1457 2632; x_wconf 83' lang='lat' dir='ltr'>Whitby,</span> <span class='ocrx_word' id='word_1_385' title='bbox 1483 2590 1549 2623; x_wconf 91' lang='lat' dir='ltr'>but</span> <span class='ocrx_word' id='word_1_386' title='bbox 1575 2592 1659 2623; x_wconf 87' lang='lat' dir='ltr'>then</span> 
     </span>
     <span class='ocr_line' id='line_1_38' title="bbox 142 2644 1659 2687; baseline 0.001 -10"><span class='ocrx_word' id='word_1_387' title='bbox 142 2646 236 2677; x_wconf 87' lang='lat' dir='ltr'>lived</span> <span class='ocrx_word' id='word_1_388' title='bbox 254 2656 296 2677; x_wconf 87' lang='lat' dir='ltr'>an</span> <span class='ocrx_word' id='word_1_389' title='bbox 314 2645 512 2677; x_wconf 87' lang='lat' dir='ltr'>hermitical</span> <span class='ocrx_word' id='word_1_390' title='bbox 528 2645 590 2677; x_wconf 84' lang='lat' dir='ltr'>life</span> <span class='ocrx_word' id='word_1_391' title='bbox 607 2647 644 2677; x_wconf 85' lang='lat' dir='ltr'>at</span> <span class='ocrx_word' id='word_1_392' title='bbox 662 2644 795 2684; x_wconf 88' lang='lat' dir='ltr'>Hode,”</span> <span class='ocrx_word' id='word_1_393' title='bbox 815 2645 967 2677; x_wconf 87' lang='lat' dir='ltr'>without</span> <span class='ocrx_word' id='word_1_394' title='bbox 993 2645 1131 2676; x_wconf 82' lang='lat' dir='ltr'>further</span> <span class='ocrx_word' id='word_1_395' title='bbox 1148 2645 1323 2677; x_wconf 84' lang='lat' dir='ltr'>reference</span> <span class='ocrx_word' id='word_1_396' title='bbox 1348 2647 1386 2677; x_wconf 90' lang='lat' dir='ltr'>to</span> <span class='ocrx_word' id='word_1_397' title='bbox 1403 2645 1464 2677; x_wconf 90' lang='lat' dir='ltr'>the</span> <span class='ocrx_word' id='word_1_398' title='bbox 1482 2646 1659 2687; x_wconf 87' lang='lat' dir='ltr'>quondam</span> 
     </span>
     <span class='ocr_line' id='line_1_39' title="bbox 143 2700 1658 2742; baseline 0.001 -10"><span class='ocrx_word' id='word_1_399' title='bbox 143 2700 294 2742; x_wconf 85' lang='lat' dir='ltr'>Whitby</span> <span class='ocrx_word' id='word_1_400' title='bbox 310 2700 428 2740; x_wconf 86' lang='lat' dir='ltr'>monk,</span> <span class='ocrx_word' id='word_1_401' title='bbox 448 2700 516 2732; x_wconf 90' lang='lat' dir='ltr'>and</span> <span class='ocrx_word' id='word_1_402' title='bbox 541 2711 632 2732; x_wconf 91' lang='lat' dir='ltr'>none</span> <span class='ocrx_word' id='word_1_403' title='bbox 650 2703 687 2733; x_wconf 90' lang='lat' dir='ltr'>at</span> <span class='ocrx_word' id='word_1_404' title='bbox 704 2700 751 2732; x_wconf 87' lang='lat' dir='ltr'>all</span> <span class='ocrx_word' id='word_1_405' title='bbox 775 2703 811 2732; x_wconf 87' lang='lat' dir='ltr'>to</span> <span class='ocrx_word' id='word_1_406' title='bbox 829 2711 899 2742; x_wconf 88' lang='lat' dir='ltr'>any</span> <span class='ocrx_word' id='word_1_407' title='bbox 915 2700 1122 2732; x_wconf 85' lang='lat' dir='ltr'>connection</span> <span class='ocrx_word' id='word_1_408' title='bbox 1139 2700 1175 2732; x_wconf 76' lang='lat' dir='ltr'>of</span> <span class='ocrx_word' id='word_1_409' title='bbox 1199 2700 1254 2732; x_wconf 83' lang='lat' dir='ltr'>his</span> <span class='ocrx_word' id='word_1_410' title='bbox 1270 2700 1367 2742; x_wconf 90' lang='lat' dir='ltr'>place</span> <span class='ocrx_word' id='word_1_411' title='bbox 1384 2700 1420 2732; x_wconf 82' lang='lat' dir='ltr'>of</span> <span class='ocrx_word' id='word_1_412' title='bbox 1444 2700 1552 2732; x_wconf 89' lang='lat' dir='ltr'>abode</span> <span class='ocrx_word' id='word_1_413' title='bbox 1570 2701 1658 2734; x_wconf 91' lang='lat' dir='ltr'>with</span> 
     </span>
     <span class='ocr_line' id='line_1_40' title="bbox 143 2754 1659 2798; baseline 0.001 -12"><span class='ocrx_word' id='word_1_414' title='bbox 143 2755 291 2796; x_wconf 89' lang='lat' dir='ltr'>Whitby</span> <span class='ocrx_word' id='word_1_415' title='bbox 305 2766 344 2787; x_wconf 88' lang='lat' dir='ltr'>or</span> <span class='ocrx_word' id='word_1_416' title='bbox 359 2766 428 2797; x_wconf 87' lang='lat' dir='ltr'>any</span> <span class='ocrx_word' id='word_1_417' title='bbox 442 2755 542 2787; x_wconf 91' lang='lat' dir='ltr'>other</span> <span class='ocrx_word' id='word_1_418' title='bbox 557 2755 721 2798; x_wconf 85' lang='lat' dir='ltr'>religious</span> <span class='ocrx_word' id='word_1_419' title='bbox 739 2755 856 2787; x_wconf 90' lang='lat' dir='ltr'>house.</span> <span class='ocrx_word' id='word_1_420' title='bbox 908 2754 952 2786; x_wconf 83' lang='lat' dir='ltr'>Of</span> <span class='ocrx_word' id='word_1_421' title='bbox 969 2754 1070 2786; x_wconf 90' lang='lat' dir='ltr'>Hode</span> <span class='ocrx_word' id='word_1_422' title='bbox 1083 2754 1179 2786; x_wconf 84' lang='lat' dir='ltr'>itself</span> <span class='ocrx_word' id='word_1_423' title='bbox 1195 2755 1238 2786; x_wconf 91' lang='lat' dir='ltr'>he</span> <span class='ocrx_word' id='word_1_424' title='bbox 1253 2758 1407 2797; x_wconf 84' lang='lat' dir='ltr'>&#39;says—“</span> <span class='ocrx_word' id='word_1_425' title='bbox 1418 2755 1491 2787; x_wconf 90' lang='lat' dir='ltr'>The</span> <span class='ocrx_word' id='word_1_426' title='bbox 1508 2756 1659 2788; x_wconf 83' lang='lat' dir='ltr'>founder</span> 
     </span>
     <span class='ocr_line' id='line_1_41' title="bbox 141 2809 1656 2852; baseline 0.001 -11"><span class='ocrx_word' id='word_1_427' title='bbox 141 2820 229 2852; x_wconf 87' lang='lat' dir='ltr'>gave</span> <span class='ocrx_word' id='word_1_428' title='bbox 259 2809 328 2841; x_wconf 87' lang='lat' dir='ltr'>this</span> <span class='ocrx_word' id='word_1_429' title='bbox 361 2810 458 2851; x_wconf 82' lang='lat' dir='ltr'>place</span> <span class='ocrx_word' id='word_1_430' title='bbox 485 2812 522 2842; x_wconf 87' lang='lat' dir='ltr'>to</span> <span class='ocrx_word' id='word_1_431' title='bbox 555 2810 696 2849; x_wconf 87' lang='lat' dir='ltr'>Gerold,</span> <span class='ocrx_word' id='word_1_432' title='bbox 730 2810 792 2842; x_wconf 85' lang='lat' dir='ltr'>the</span> <span class='ocrx_word' id='word_1_433' title='bbox 826 2809 955 2848; x_wconf 88' lang='lat' dir='ltr'>Abbot,</span> <span class='ocrx_word' id='word_1_434' title='bbox 994 2809 1063 2841; x_wconf 85' lang='lat' dir='ltr'>and</span> <span class='ocrx_word' id='word_1_435' title='bbox 1095 2809 1247 2841; x_wconf 88' lang='lat' dir='ltr'>Thomas</span> <span class='ocrx_word' id='word_1_436' title='bbox 1280 2810 1322 2841; x_wconf 87' lang='lat' dir='ltr'>de</span> <span class='ocrx_word' id='word_1_437' title='bbox 1356 2809 1540 2852; x_wconf 89' lang='lat' dir='ltr'>Mowbray</span> <span class='ocrx_word' id='word_1_438' title='bbox 1575 2811 1656 2843; x_wconf 91' lang='lat' dir='ltr'>Earl</span> 
     </span>
     <span class='ocr_line' id='line_1_42' title="bbox 142 2863 1028 2907; baseline 0 -11"><span class='ocrx_word' id='word_1_439' title='bbox 142 2864 310 2896; x_wconf 87' lang='lat' dir='ltr'>Marshall</span> <span class='ocrx_word' id='word_1_440' title='bbox 327 2864 396 2896; x_wconf 88' lang='lat' dir='ltr'>and</span> <span class='ocrx_word' id='word_1_441' title='bbox 414 2865 476 2905; x_wconf 85' lang='lat' dir='ltr'>(of)</span> <span class='ocrx_word' id='word_1_442' title='bbox 495 2865 739 2907; x_wconf 85' lang='lat' dir='ltr'>Nottingham,</span> <span class='ocrx_word' id='word_1_443' title='bbox 759 2863 946 2896; x_wconf 84' lang='lat' dir='ltr'>confirmed</span> <span class='ocrx_word' id='word_1_444' title='bbox 963 2863 1028 2896; x_wconf 87' lang='lat' dir='ltr'>it.&#39;’</span> 
     </span>
     <span class='ocr_line' id='line_1_43' title="bbox 189 2918 1235 2962; baseline 0 -11"><span class='ocrx_word' id='word_1_445' title='bbox 189 2918 200 2938; x_wconf 80' lang='lat'>¹</span> <span class='ocrx_word' id='word_1_446' title='bbox 227 2919 289 2951; x_wconf 86' lang='lat' dir='ltr'>See</span> <span class='ocrx_word' id='word_1_447' title='bbox 307 2920 448 2951; x_wconf 81' lang='lat' dir='ltr'>charter</span> <span class='ocrx_word' id='word_1_448' title='bbox 464 2920 606 2962; x_wconf 87' lang='lat' dir='ltr'>printed</span> <span class='ocrx_word' id='word_1_449' title='bbox 624 2920 658 2951; x_wconf 86' lang='lat' dir='ltr'>in</span> <span class='ocrx_word' id='word_1_450' title='bbox 677 2920 865 2962; x_wconf 85' lang='lat' dir='ltr'>preceding</span> <span class='ocrx_word' id='word_1_451' title='bbox 883 2921 963 2950; x_wconf 88' lang='lat' dir='ltr'>note</span> <span class='ocrx_word' id='word_1_452' title='bbox 982 2918 1050 2950; x_wconf 82' lang='lat' dir='ltr'>and</span> <span class='ocrx_word' id='word_1_453' title='bbox 1068 2919 1132 2951; x_wconf 89' lang='lat' dir='ltr'>No.</span> <span class='ocrx_word' id='word_1_454' title='bbox 1156 2921 1235 2951; x_wconf 87' lang='lat'>232.</span> 
     </span>
     <span class='ocr_line' id='line_1_44' title="bbox 188 2972 464 3006; baseline 0 0"><span class='ocrx_word' id='word_1_455' title='bbox 188 2972 202 2993; x_wconf 81' lang='lat'><strong>2</strong></span> <span class='ocrx_word' id='word_1_456' title='bbox 227 2974 288 3006; x_wconf 83' lang='lat' dir='ltr'>See</span> <span class='ocrx_word' id='word_1_457' title='bbox 306 2974 369 3006; x_wconf 88' lang='lat' dir='ltr'>No.</span> <span class='ocrx_word' id='word_1_458' title='bbox 387 2976 464 3006; x_wconf 86' lang='lat'>232.</span> 
     </span>
    </p>
   </div>
   <div class='ocr_carea' id='block_1_4' title="bbox 202 3038 1482 3068">
    <p class='ocr_par' dir='ltr' id='par_1_4' title="bbox 202 3038 1482 3068">
     <span class='ocr_line' id='line_1_45' title="bbox 202 3038 1482 3068; baseline 0.001 -1"><span class='ocrx_word' id='word_1_459' title='bbox 202 3038 293 3067; x_wconf 84' lang='lat' dir='ltr'>VOL.</span> <span class='ocrx_word' id='word_1_460' title='bbox 318 3039 359 3068; x_wconf 92' lang='lat' dir='ltr'>II.</span> <span class='ocrx_word' id='word_1_461' title='bbox 1458 3039 1482 3068; x_wconf 93' lang='lat' dir='ltr'>L</span> 
     </span>
    </p>
   </div>
  </div>
 </body>
</html>
