2912 4368
677 1459 1038 1491 CARTULARIUM
1059 1459 1328 1491 ABBATHIAE
1352 1459 1414 1490 DE
1440 1459 1687 1491 WHITEBY.
1862 1452 1942 1488 663

501 1624 768 1665 MANDATUM
791 1625 1130 1666 Anoummooxo
1155 1626 1419 1666 CLYVELAND
1442 1638 1499 1666 AD
1524 1637 1863 1667 ixsTALLANDUM

968 1703 1152 1732 EUNDEM
1174 1693 1402 1733 AnssATEM.

486 1782 729 1823 Alexander
750 1784 801 1823 D.
826 1783 868 1823 P.
894 1787 982 1831 616,
1005 1783 1159 1823 dilecto
1182 1784 1269 1823 filio
1291 1783 1604 1824 Archidiacono
1636 1788 1778 1825 nostro
1802 1784 1941 1825 Clivc-

427 1847 552 1897 land.,
569 1849 637 1890 vel
654 1850 744 1902 ejus
764 1849 956 1898 Officiali,
979 1849 1172 1897 salutem,
1196 1855 1271 1890 etc.
1325 1850 1525 1890 Oblatam
1547 1851 1668 1891 nobis
1692 1851 1941 1891 electionem

430 1914 585 1954 Prioris
623 1920 664 1955 et
698 1915 828 1956 Conv.
861 1915 1012 1955 Mon’ii
1049 1915 1100 1955 de
1132 1915 1351 1969 Whiteby,
1382 1919 1536 1956 nostrae
1567 1916 1699 1964 Dioc.,
1731 1916 1782 1957 de
1814 1917 1942 1957 fratre

428 1979 457 2019 J
460 1979 626 2021 ohanne
657 1981 708 2021 de
731 1981 1006 2029 Richemond,
1028 1982 1331 2021 commonacho
1354 1982 1457 2022 dicti
1480 1982 1642 2030 Mon⁷ii,
1664 1983 1709 2022 in
1730 1983 1942 2023 Abbatem

428 2059 553 2085 suum
572 2046 727 2087 factam
745 2047 887 2087 debito
906 2047 1164 2099 subjecimus
1183 2048 1373 2087 examini
1390 2063 1396 2087 :
1419 2062 1559 2100 quam,
1577 2049 1678 2101 (11116
1700 2049 1942 2089 invenimus

427 2111 626 2152 canonice
664 2116 704 2152 et
746 2112 1007 2152 concorditer
1044 2112 1311 2160 celebratam,
1353 2113 1555 2154 duximus
1598 2114 1943 2160 confirmandam,

428 2176 695 2230 eundemque
725 2178 899 2218 frat-rem
926 2178 1182 2227 5011611116111,
1215 2178 1351 2218 veluti
1383 2179 1738 2232 circumspectum
1770 2181 1942 2221 Monas-

427 2242 532 2282 terio
563 2248 793 2283 memorato
826 2244 1090 2297 praefecimus
1122 2244 1168 2283 in
1199 2244 1424 2293 Abbatem,
1457 2258 1600 2285 curam
1633 2250 1674 2286 et
1706 2247 1941 2287 custodiam

428 2308 592 2349 Domus
624 2309 846 2362 praedictae,
869 2314 957 2349 tam
988 2310 1033 2349 in
1065 2310 1360 2363 spiritualibus
1389 2325 1518 2364 quam
1547 2311 1591 2350 111
1623 2313 1942 2365 temporalibus,

429 2374 613 2427 plenarie
647 2376 974 2416 committentes.
1067 2376 1274 2424 Quocirca
1306 2376 1426 2416 vobis
1455 2377 1707 2418 mandamus
1740 2379 1942 2431 quatinus

428 2440 628 2492 praedicto
649 2441 811 2481 Abbati
843 2441 1018 2481 stallum
1048 2442 1093 2480 in
1116 2441 1242 2481 choro
1274 2445 1316 2482 et
1346 2442 1488 2482 locum
1509 2442 1555 2482 in
1578 2443 1789 2497 Capitulo,
1818 2450 1943 2498 prout

429 2506 637 2555 convenit,
678 2507 913 2560 assignetis,
954 2506 1134 2547 ulterius
1172 2507 1286 2560 quod
1327 2514 1517 2547 vestrum
1559 2512 1623 2548 est
1664 2522 1760 2562 erga
1801 2509 1943 2562 ipsum

430 2572 765 2625 promptitudine
807 2572 933 2612 officii
983 2578 1254 2626 exequentes
1336 2574 1499 2613 Datum
1550 2574 1663 2626 apud
1705 2575 1945 2629 Claveryng

432 2637 567 2676 xxvito
588 2637 656 2678 die
679 2638 707 2678 J
710 2638 814 2686 unii,
837 2642 913 2678 eto.

527 2769 717 2809 LITTERA
739 2780 869 2809 MISSA
892 2770 1003 2809 REGI
1026 2780 1081 2808 DE
1103 2769 1446 2809 TEMPORALIBUs
1470 2780 1525 2810 UT
1546 2780 1678 2810 INFRA
1700 2780 1845 2811 PATET.

504 2860 874 2900 Excellentissimo
925 2860 970 2899 in
1023 2859 1191 2901 Christo
1244 2860 1434 2913 Principi
1476 2864 1517 2901 et
1558 2861 1668 2901 D’no
1710 2875 1798 2910 suo,
1848 2862 1944 2902 d'no

432 2926 650 2975 Edwardo,
664 2927 714 2966 D.
734 2927 783 2967 G.
802 2926 908 2980 Regi
925 2925 1091 2979 Angliae
1109 2929 1151 2966 et
1167 2926 1357 2966 Franciae
1373 2926 1543 2975 illustri,
1560 2927 1815 2977 Alexander,
1832 2928 1883 2968 D.
1900 2929 1943 2969 P.

432 2993 630 3033 Ecclesize
666 2993 787 3033 Ebor.
825 2992 984 3033 electus
1022 2997 1302 3041 consecratus,
1334 2992 1515 3033 salutem
1545 2993 1590 3032 111
1622 2994 1683 3033 ΕΟ
1714 3007 1789 3047 per
1818 3008 1945 3047 quem

431 3071 548 3111 reges
598 3061 777 3111 regnant
828 3061 870 3098 et
910 3057 1122 3111 principes
1179 3057 1463 3099 dominantur.
1546 3058 1656 3107 Quia
1697 3059 1945 3101 electionem

432 3138 566 3177 nuper
597 3124 750 3164 factam
784 3123 830 3163 in
863 3124 1022 3163 Mon'io
1055 3124 1105 3163 de
1127 3123 1345 3177 Winteby,
1377 3128 1532 3164 nostra>
1563 3125 1696 3174 Dioc.,
1730 3125 1782 3166 de
1819 3126 1947 3167 fratre

431 3190 628 3231 ι1011611116
664 3190 715 3230 (16
753 3190 1030 3239 Richemond,
1067 3190 1370 3230 commonacho
1413 3190 1615 3244 ejusdem,
1651 3191 1696 3230 in
1732 3192 1945 3233 Abbatem

430 3256 511 3297 loci
547 3257 664 3297 illius
701 3256 846 3304 electo,
879 3256 947 3296 cui
978 3256 1141 3309 regium
1173 3256 1428 3296 adhibuistis
1461 3270 1681 3297 assensum
1712 3258 1869 3310 pariter
1905 3264 1947 3298 ct

432 3323 628 3371 favorem,
668 3326 873 3375 tanquam
914 3322 965 3362 (16
1005 3336 1185 3375 persona
1220 3322 1384 3371 idonea,
1421 3322 1466 3361 in
1508 3323 1704 3362 omnibus
1746 3324 1946 3364 canonico

431 3388 684 3429 celebratam
706 3388 955 3428 auctoritato
978 3393 1121 3428 nostra
1152 3388 1363 3427 ordinaria
1395 3388 1750 3436 confirmavimus,
1776 3389 1946 3441 justitia,

431 3454 636 3495 suadente
658 3467 751 3506 quae
773 3453 1055 3493 dominationi
1072 3456 1222 3492 vesti-ce
1238 3455 1382 3492 tenore
1399 3452 1674 3504 praesentium
1696 3453 1945 3495 intimamus

432 3520 572 3560 velitis
594 3519 820 3572 praecipere
843 3518 955 3571 quod
978 3519 1118 3558 advos
1141 3518 1320 3558 ulterius
1342 3518 1531 3571 pertinet
1553 3518 1596 3557 in
1614 3518 1693 3558 hac
1714 3524 1833 3572 parte
1855 3521 1945 3561 fieri

431 3600 529 3627 cum
560 3586 711 3625 favore.
776 3585 926 3625 Valeat
958 3589 999 3624 et
1020 3584 1160 3637 vigeat
1192 3584 1459 3625 Excellentia
1491 3588 1630 3624 vestra
1661 3598 1734 3637 per
1754 3590 1946 3639 tempora

430 3652 610 3693 feliciter
632 3651 841 3691 duratura.
905 3651 957 3690 In
980 3664 1158 3703 (1110111111
1181 3650 1372 3690 omnium
1394 3655 1488 3691 test.
1522 3650 1711 3704 sigillum
1741 3657 1946 3703 nostrum,

431 3722 508 3758 etc.
569 3717 733 3757 Datum
755 3716 822 3756 die
846 3720 888 3756 et
908 3716 1012 3765 loc0‚
1035 3720 1110 3756 etc.

664 3850 940 3891 OBEDIENTIA
962 3860 1013 3889 ET
1035 3850 1062 3890 J
1069 3859 1343 3889 6111-1111111611
1368 3859 1484 3889 mori
1508 3849 1712 3889 ABBATIS.

491 3943 545 3982 In
565 3942 649 3983 Dei
671 3941 854 3990 nomine,
875 3941 1025 3981 Amen.
1087 3941 1188 3994 Ego,
1210 3940 1338 3980 frater
1359 3941 1387 3981 J
1392 3940 1580 3980 ohannes
1612 3939 1663 3980 de
1695 3941 1946 3994 Richmond,

433 4007 592 4048 electus
624 4008 669 4047 in
690 4007 902 4048 Abbatem
934 4006 1084 4046 Mon'ii
1107 4006 1157 4046 de
1179 4006 1387 4059 Whioeby
1409 4010 1451 4046 et
1483 4011 1763 4056 consecratus,
1784 4008 1836 4048 ab
1870 4010 1946 4051 hac

433 4073 537 4114 hora
568 4074 614 4113 in
648 4077 772 4114 antea
807 4073 945 4114 fidelis
982 4086 1050 4113 610
1083 4078 1124 4113 et
1155 4072 1354 4113 obediens
1384 4072 1584 4113 Ecclesiae
1620 4073 1864 4115 Cathedrali
1901 4077 1944 4118 B.
