1889 3221
385 351 746 384 CARTULARIUM
773 352 1040 384 ABBATHIAE
1067 352 1131 384 DE
1156 352 1403 384 WHITEBY.
1570 344 1648 382 479

137 460 325 500 111-01101εο
370 460 628 501 duodecimo.
712 461 836 502 Istud
879 461 923 501 in
966 461 1158 502 custodia
1203 461 1456 502 vicariorum
1507 474 1652 514 supra-

136 525 345 566 dictorum
369 526 498 567 Chori
518 526 630 567 Eccl.
654 526 921 568 Cathedralis
944 527 989 567 B.
1014 527 1129 567 Petri
1150 527 1265 581 apud
1289 527 1412 567 Ebor.
1434 530 1654 580 permanet

136 592 409 632 conservand.
432 597 474 632 et
494 592 594 632 ibid.
618 592 664 632 in
685 593 876 634 custodia
899 607 1044 634 eorum
1065 593 1316 634 invenietur.

807 750 981 790 DXLV.

196 842 418 883 Universis
451 841 613 883 Christi
642 842 753 883 fidel.
786 843 838 882 ad
870 856 975 896 quos
1006 856 1066 896 pr.
1090 856 1121 883 0.
1148 842 1372 883 indentata
1401 841 1655 895 pervenerit,

137 907 331 956 Thomas,
370 907 530 957 Abbas,
571 912 614 948 et
655 907 785 949 Conv.
828 908 1082 949 Monasterii
1118 908 1170 949 de
1205 908 1423 961 Whiteby,
1460 907 1654 949 salutem.

136 972 354 1013 Noveritis
385 986 461 1013 nos
494 972 544 1022 d„
577 986 704 1022 conc„
726 978 769 1014 et
799 973 879 1014 hac
908 987 968 1027 pr,
992 987 1024 1014 c.
1051 978 1194 1014 nostra
1225 973 1385 1014 indent.
1419 974 1526 1014 conf.
1559 973 1655 1013 d'no

137 1037 298 1079 Ηο11001
335 1038 386 1078 de
422 1038 728 1092 VValkyngtom
764 1038 942 1079 Custodi
979 1039 1128 1079 domus
1165 1039 1420 1079 vicariorum
1455 1039 1656 1080 Ecclesiae

138 1103 403 1146 Cathedralis
441 1104 488 1145 B.
525 1105 644 1145 Petri
678 1105 816 1154 Ebor„
851 1118 900 1145 ac
941 1105 1112 1145 vicariis
1149 1105 1281 1159 ejusd.
1318 1105 1442 1154 Eccl,
1479 1105 1655 1146 advoca-

136 1168 319 1210 tionem2
341 1169 439 1211 eccl.
462 1170 513 1211 de
537 1170 827 1225 Huntyngton
843 1171 970 1224 juxta
991 1171 1126 1220 Ebor.,
1149 1184 1248 1211 cum
1269 1170 1403 1225 gleba,
1424 1171 1657 1220 mansione,

136 1239 269 1288 prato,
306 1235 574 1285 00111111111115,3
609 1241 651 1276 et
689 1249 786 1276 cum
822 1249 932 1277 011111.
968 1236 1055 1277 51115
1093 1236 1260 1290 juribus
1298 1241 1340 1277 et
1374 1241 1479 1290 pert.
1518 1237 1654 1277 eidem

137 1301 247 1342 Eccl.
270 1301 676 1355 pertin—Habend.
705 1302 828 1356 (142)
852 1306 894 1342 et
919 1306 1015 1351 ten„
1037 1302 1180 1343 advoc.
1203 1302 1299 1343 0001.
1322 1303 1536 1356 predictae,
1558 1316 1654 1343 cum

139 1381 248 1408 omn.
272 1367 359 1408 suis
385 1367 554 1421 juribus
581 1372 624 1408 et
653 1373 771 1421 pert,
793 1371 841 1408 ut
871 1368 1124 1421 praedictum
1153 1373 1228 1418 est,
1249 1369 1435 1422 praefatis
1466 1369 1656 1418 Custodi,

138 1433 307 1474 vicariis
349 1438 391 1474 et
431 1447 575 1474 eorum
617 1447 738 1483 succ„
778 1434 924 1483 libere,
966 1448 1047 1488 qu„
1082 1434 1171 1482 int„
1213 1435 1332 1483 bene,
1374 1439 1416 1475 et
1455 1435 1501 1474 in
1541 1448 1657 1488 pace,

138 1499 326 1552 imperp,
348 1499 465 1539 salva
486 1500 586 1540 inde
607 1500 728 1540 nobis
751 1504 793 1541 et
814 1513 922 1540 succ.
956 1501 1112 1540 nostris
1144 1514 1286 1540 annua
1316 1500 1519 1553 pensione
1551 1505 1655 1541 tres-

139 1565 275 1605 decim
305 1565 423 1605 solid.
447 1570 489 1605 et
510 1570 693 1619 quatuor
714 1566 805 1606 den.
829 1565 995 1619 argenti
1016 1566 1069 1605 ad
1091 1566 1117 1607 f.
1141 1566 1179 1606 S.
1203 1565 1384 1605 Martini
1413 1566 1459 1605 111
1490 1566 1655 1619 hyeme,

139 1631 230 1672 sine
258 1630 449 1671 ulteriori
480 1631 707 1682 dilatione,
739 1645 868 1685 quain
890 1632 1064 1685 quidem
1095 1632 1342 1685 pensionem
1373 1646 1449 1672 nos
1478 1637 1520 1673 et
1550 1646 1655 1686 prae-

139 1697 293 1738 decess,
324 1696 470 1746 nostri,
498 1711 522 1737 a
553 1702 742 1750 tempore
774 1711 857 1751 quo
889 1711 976 1738 non
1007 1697 1153 1738 existit
1184 1698 1397 1747 memoria,
1428 1697 1582 1738 habere
1614 1702 1656 1738 et

139 1763 353 1816 percipere
376 1762 427 1803 de
449 1763 561 1803 dicta
593 1763 768 1804 ecclesia
791 1764 843 1804 ad
866 1763 1048 1805 eundem
1079 1768 1198 1804 term.
1227 1763 1450 1804 annuatim
1482 1777 1655 1805 00115110-

139 1828 290 1869 vimus.
351 1828 407 1868 Et
434 1842 522 1878 nos,
543 1829 688 1869 Abbas
711 1833 753 1869 et
777 1829 906 1870 Conv.
927 1829 1131 1883 praedicti,
1155 1834 1196 1870 et
1218 1843 1325 1870 succ.
1358 1829 1503 1878 nostri,
1528 1829 1654 1883 praed.

140 1894 472 1944 advocationem,
502 1908 599 1935 011111
625 1895 796 1949 juribus
822 1899 864 1936 et
894 1900 1000 1949 pert.
1033 1895 1121 1936 suis
1147 1895 1357 1936 universis
1389 1895 1656 1949 supradictis,

140 1960 257 2001 salva
278 1961 400 2002 nobis
423 1965 465 2002 et
485 1974 594 2002 succ.
618 1961 775 2002 nostris
797 1961 1002 2015 pensione
1023 1962 1162 2014 praed„
1183 1965 1232 2002 ut
1253 1961 1380 2015 praed
1403 1966 1476 2011 est,
1500 1961 1662 2002 futuris

140 2027 402 2080 temporibus
423 2027 741 2081 imperpetuum
762 2027 950 2081 praefatis
974 2027 1163 2076 Custodi,
1180 2027 1361 2076 vicariis,
1379 2032 1420 2068 et
1442 2041 1522 2069 eor.
1546 2041 1656 2069 succ.

141 2106 250 2142 war„
271 2092 378 2146 adq„
399 2097 442 2133 et
468 2093 645 2146 imperp.
671 2107 746 2147 per
777 2097 1007 2146 praesentes
1039 2093 1326 2134 defendemus.
1388 2093 1442 2133 In
1473 2093 1593 2147 cujus
1625 2108 1655 2135 r.

141 2161 235 2199 test.
257 2158 370 2211 parti
390 2158 513 2199 istius
535 2159 774 2200 indenturae
794 2172 922 2212 penes
951 2159 1077 2212 praed.
1103 2160 1218 2200 Cust.
1242 2163 1284 2199 et
1305 2159 1430 2200 vicar.
1453 2159 1657 2200 residenti

143 2224 216 2278 sig.
244 2228 437 2264 nostrum
469 2238 616 2265 comm.
654 2225 817 2265 Menas.
852 2225 989 2265 nostri
1023 2225 1149 2279 praed.
1188 2225 1488 2278 apposuimus,
1524 2225 1656 2265 altera

142 2303 240 2331 vero
289 2294 409 2344 parte
450 2290 523 2345 sig.
566 2304 715 2331 comm.
758 2291 929 2331 eorund.
983 2295 1086 2331 cust.
1140 2295 1182 2330 et
1222 2290 1345 2330 vicar.
1398 2290 1656 2343 consignata.

142 2356 306 2396 Datum
333 2356 379 2396 in
402 2355 577 2409 Capella
608 2360 752 2397 nostra
783 2357 1000 2397 communi
1031 2357 1211 2409 septimo
1243 2357 1405 2396 decimo
1437 2356 1656 2397 Kalendas

142 2422 341 2476 Augusti,
368 2422 475 2462 A.D.
512 2422 739 2463 millesimo
770 2421 1090 2463 15100011105111104
1121 2422 1472 2475 quinquagesimo
1508 2422 1657 2474 primo,

144 2492 186 2528 et
222 2500 332 2527 anno
367 2501 398 2528 r.
431 2487 558 2541 Regis
598 2488 733 2528 nostri
768 2487 935 2541 Angliae
970 2487 1171 2528 vicesimo
1207 2487 1370 2540 quinto,
1406 2487 1524 2541 regni
1558 2501 1657 2528 vero

143 2554 178 2593 F
179 2553 332 2594 ranciae
353 2553 614 2594 duodecimo.

144 2651 198 2683 his
222 2650 378 2683 nominal
401 2651 500 2694 reign
525 2662 608 2683 over
632 2652 712 2684 that
737 2654 887 2693 country
903 2654 941 2684 to
965 2651 1027 2683 the
1053 2662 1137 2693 year
1162 2651 1197 2683 of
1221 2651 1275 2683 his
1301 2651 1397 2694 reign
1422 2651 1457 2683 in
1483 2652 1655 2695 England.

145 2707 218 2738 The
236 2706 312 2738 first
328 2706 515 2738 document
534 2707 612 2739 that
629 2707 693 2739 has
718 2707 806 2739 been
823 2707 1027 2739 discovered
1045 2706 1081 2738 in
1098 2706 1215 2738 which
1231 2706 1331 2738 these
1348 2707 1447 2739 dates
1467 2719 1569 2740 occur
1586 2720 1657 2740 was

145 2761 315 2793 executed
330 2761 392 2793 the
409 2761 479 2803 day
495 2762 585 2794 after
602 2762 646 2793 he
663 2762 884 2794 commenced
908 2762 969 2793 the
994 2761 1156 2803 practice,
1175 2761 1316 2803 namely
1334 2772 1377 2793 on
1396 2762 1483 2795 26th
1499 2763 1523 2795 J
1525 2774 1658 2805 anuary

149 2818 249 2855 1340,
274 2816 391 2848 which
415 2817 599 2849 concludes
627 2817 665 2848 in
693 2817 794 2849 these
819 2817 932 2849 words
947 2817 1111 2849 :—‘Dat.
1139 2816 1233 2858 apud
1262 2816 1481 2857 Gandavum,
1509 2820 1658 2851 vicesimo

144 2877 232 2904 sexto
250 2873 302 2903 die
319 2872 496 2909 Januarii,
517 2871 566 2903 ΑΟ
583 2883 609 2904 r.
632 2875 739 2903 nostri
756 2872 915 2903 Francioe
934 2873 1058 2912 primo,
1079 2872 1215 2912 Angylz'ae
1238 2882 1314 2903 vero
1332 2877 1452 2913 quarto
1478 2873 1624 2905 decimo)
1640 2872 1657 2887 ⁷'

147 2927 330 2967 —(C'l1ron.
350 2926 556 2967 osz‘storffi
576 2938 608 2968 p.
629 2928 722 2966 299.)

196 2980 207 3000 ¹
233 2981 338 3013 Helie.
483 2980 495 3000 ³
521 2982 583 3014 See
601 2981 670 3013 last
687 2981 783 3013 deed.
928 2979 941 3000 3
967 2982 1168 3014 communiis.
1314 2980 1327 3001 4
1352 2984 1597 3016 crescenteswno.
