1889 3221
252 354 333 390 680
504 361 865 395 OARTULARIUM
890 362 1159 395 ABBATHIAE
1186 363 1249 395 DE
1273 362 1520 395 WHITEBY.

249 484 469 512 servorum
521 471 684 512 Christi
743 471 805 512 ibi
860 472 1198 526 congregationis
1243 471 1475 526 reperirent
1524 471 1766 525 vestigium,

249 537 516 579 diverterunt
557 537 611 578 ad
653 538 847 587 Girvum,
889 539 963 579 ubi
1003 538 1140 579 ruinis
1182 538 1257 579 vix
1298 537 1623 579 ostendentibus
1664 537 1767 591 quid

249 603 490 657 antiquitus
521 603 693 653 fuerint,
726 604 1033 645 monachorum
1065 618 1163 645 cum
1192 604 1406 645 semirutis
1438 603 1627 645 ecclesiis
1657 602 1766 643 vise-

247 669 405 709 bantur
425 669 604 710 aedificia
628 669 777 720 multa,
801 670 997 724 episcopo
1018 670 1245 711 Walchero
1268 683 1436 710 summa
1458 683 1555 710 cum
1581 668 1766 722 gratula-

247 734 362 776 tione
384 735 480 776 illos
502 735 776 790 suscipiente,
798 740 840 777 et
861 737 1100 777 necessaria
1120 736 1347 790 przebente.
1401 735 1569 776 Horum
1591 734 1766 775 nomina

248 801 434 842 fuerunt.
485 801 605 842 Prior
622 815 767 843 eorum
784 807 908 843 {etate
926 806 968 843 et
985 802 1173 843 moribus
1191 805 1281 843 erat
1296 801 1536 851 Aldwinus,
1555 800 1766 842 secundus

248 867 497 917 Ealfwinus‚
535 868 688 909 tertius
727 868 961 910 Rinfridus
1022 869 1088 909 Ex
1124 868 1190 909 his
1226 868 1363 909 tribus
1400 868 1482 909 tria
1516 868 1563 908 in
1597 867 1766 922 regione

249 934 292 974 N
295 933 640 987 orthymbrorum
670 934 910 975 instaurata
931 937 1034 975 sunt
1058 934 1326 975 monasteria.
1390 934 1538 974 Unum
1560 932 1766 974 Dunelmi

249 1000 364 1053 apud
413 1000 546 1053 patris
589 1000 816 1042 Cuthberti
867 1015 1037 1042 sacrum
1087 1004 1129 1042 et
1177 1001 1474 1054 incorruptum
1515 1012 1679 1053 corpus,
1719 998 1764 1038 in

248 1065 453 1107 honorem
485 1066 651 1107 Sanctae
683 1067 833 1108 Mariae
863 1068 1052 1122 virginis.
1112 1067 1247 1108 Aliud
1277 1066 1457 1107 Eboraci
1487 1066 1533 1106 in
1562 1065 1765 1106 honorem

249 1132 440 1185 ejusdem
461 1133 545 1173 Dei
572 1133 793 1187 genitricis
815 1133 977 1184 Mariae,
998 1134 1073 1174 ubi
1094 1134 1145 1174 de
1166 1133 1401 1175 Ecclesiola
1431 1133 1592 1174 factum
1623 1131 1765 1173 nobile

249 1199 502 1241 coenobium.
565 1199 759 1240 Primum
790 1200 989 1241 abbatem
1019 1200 1172 1241 habuit
1204 1200 1494 1253 Stephanum3
1530 1198 1765 1239 secundum

248 1265 480 1306 Ricardum
493 1281 504 1317 3
533 1265 710 1306 tertium
733 1266 1013 1318 Gaufridum3
1038 1269 1239 1320 quartum
1262 1265 1538 1317 Severinum3
1565 1265 1766 1319 quintum

248 1330 516 1372 Clementem
547 1331 622 1385 qui
653 1337 696 1373 et
725 1333 772 1372 in
802 1331 1032 1386 praesenti.1
1094 1332 1284 1373 Tertium
1315 1336 1459 1372 autem
1490 1331 1535 1371 in
1566 1330 1659 1371 loco
1691 1330 1765 1383 qui

249 1397 465 1450 quondam
498 1397 792 1448 Streneshalae,
813 1398 859 1439 id
887 1403 951 1440 est
974 1399 1101 1439 Sinus
1121 1398 1230 1448 Fari,
1252 1411 1367 1439 nunc
1386 1397 1550 1438 Witebi
1580 1395 1766 1450 appella-

247 1467 328 1505 tur.
403 1463 471 1504 Ibi
508 1463 619 1505 sedit
659 1464 824 1518 primus
856 1464 1003 1505 Abbas
1035 1464 1282 1505 Willelmus
1297 1480 1306 1515 ;
1342 1464 1370 1518 ij
1405 1461 1686 1514 Nioholaus32
1717 1462 1762 1516 iij

250 1529 532 1582 Benedictus;
563 1530 625 1584 iiij
651 1530 873 1581 Ricardus,
896 1531 970 1585 qui
991 1545 1106 1572 nunc
1129 1536 1331 1585 superest.

848 1697 1167 1738 DCXXXVII.

346 1778 551 1829 (Surtees'
574 1780 782 1830 Durham,
804 1780 860 1821 iii.
887 1784 979 1822 395.
1041 1781 1106 1820 Ex
1129 1780 1227 1834 orig.
1250 1779 1274 1819 i.
1298 1779 1369 1820 xii.
1393 1778 1510 1832 Spec.
1534 1778 1579 1818 B.
1605 1778 1660 1831 2.)

367 1861 596 1903 N1GELLus
618 1873 674 1902 DE
696 1863 887 1903 ALBEINI
909 1874 964 1903 DE
988 1864 1216 1904 BERM'TON
1238 1873 1289 1902 ET
1312 1862 1644 1903 SKIRNINGHAM.

306 1954 544 1995 Karissimo
581 1955 676 1995 d'no
708 1959 749 1996 et
780 1956 901 1996 fratri
932 1969 1008 1997 suo
1038 1955 1270 2004 Willelmo,
1301 1954 1499 2008 Nigellus
1532 1954 1584 1994 de
1615 1953 1768 1995 Albini

247 2018 431 2059 salutem
453 2024 495 2060 et
526 2020 760 2061 fraternam
787 2021 1072 2062 dilectionem.
1134 2021 1200 2061 Ex
1223 2034 1306 2074 quo
1328 2020 1420 2060 nati
1450 2019 1610 2059 fuimus
1633 2023 1765 2074 utque

246 2098 322 2126 vos
345 2085 396 2126 de
417 2099 511 2127 mea
532 2087 787 2128 necessitate
809 2092 851 2128 et
873 2088 1046 2137 auxilio,
1068 2090 1110 2128 et
1131 2100 1199 2127 me
1216 2086 1267 2127 de
1283 2085 1434 2126 vestris
1457 2085 1556 2125 fatis
1572 2090 1765 2127 exoratos

247 2151 456 2193 existimo.
504 2153 655 2194 Precor
671 2154 812 2208 igitur,
834 2154 965 2195 frater
980 2153 1214 2202 karissime,
1231 2158 1280 2193 ut
1297 2166 1394 2193 cum
1410 2165 1486 2205 per
1501 2151 1585 2192 Dei
1601 2152 1764 2193 miseri-

248 2218 435 2259 cordiam
457 2220 643 2261 naturali
675 2225 717 2262 et
749 2221 910 2262 carnali
931 2220 1104 2262 vinculo
1136 2219 1355 2273 conjuncti
1387 2219 1534 2267 simus,
1556 2218 1636 2259 hoc
1656 2218 1764 2259 alter

247 2285 300 2324 ad
341 2285 522 2326 alterum
563 2300 660 2327 cum
700 2287 933 2328 necessitas
977 2287 1166 2328 evenerit
1201 2286 1247 2326 in
1280 2285 1433 2339 opibus
1474 2285 1761 2326 ostendamus.

246 2350 448 2400 Ecclesia,
479 2351 610 2393 frater
634 2352 869 2402 karissime,
891 2356 1064 2406 peccata
1094 2366 1188 2393 mea
1218 2351 1406 2391 maxima
1427 2354 1470 2391 et
1499 2351 1762 2404 iniquitates

247 2416 332 2456 Dei
362 2416 661 2467 misericordia,
692 2419 856 2460 diutius
888 2420 1066 2460 tolerare
1096 2432 1183 2459 11011
1210 2418 1370 2466 valens,
1393 2417 1560 2471 flagella
1581 2417 1762 2471 justitiae

249 2495 336 2522 suae
376 2483 494 2524 carni
543 2498 648 2525 meae
696 2485 943 2525 miserrimae
983 2483 1311 2525 misericorditer
1352 2482 1554 2532 admovit,
1595 2496 1648 2523 ne
1688 2496 1762 2536 per

246 2549 525 2602 peccatricem
546 2550 822 2591 insolentiam
842 2551 985 2591 anima
1006 2564 1102 2591 mea
1124 2555 1326 2591 {eternam
1347 2552 1576 2589 mereretur
1604 2547 1761 2602 gehen-

248 2627 358 2655 nam.
400 2615 489 2668 Ego
526 2616 738 2669 siquidem
775 2617 875 2670 quia
910 2617 956 2657 in
988 2616 1269 2670 prosperitate
1304 2628 1399 2655 mea
1434 2614 1590 2654 melius
1623 2614 1759 2655 facere

248 2680 483 2733 potuissem
504 2695 590 2731 vos,
622 2696 749 2735 quem
781 2696 906 2736 super
928 2695 1073 2723 omnes
1095 2681 1237 2734 diligo,
1259 2679 1430 2720 honoris
1451 2679 1536 2721 mei
1558 2682 1600 2719 et
1621 2692 1760 2719 rerum

248 2757 438 2785 mearum
478 2747 682 2787 constitui
723 2747 944 2797 haeredem,
981 2761 1029 2788 eo
1062 2746 1189 2787 videl.
1227 2750 1384 2794 tenore,
1420 2749 1469 2784 ut
1500 2744 1760 2785 redditiones

295 2832 309 2853 ¹
335 2836 355 2849 ‘⁶
370 2835 434 2874 Qui
450 2837 485 2867 in
496 2842 655 2878 presente.
706 2838 937 2871 Abbreviatio
962 2847 1020 2871 MS.
1046 2838 1139 2870 Cott.
1163 2836 1269 2879 Calig.
1291 2835 1333 2867 A.
1352 2835 1424 2866 viii.
1476 2833 1675 2866 Hoveden's
1699 2834 1761 2867 list

248 2888 334 2920 ends
352 2889 439 2921 with
457 2890 674 2924 Severinus.”

294 2941 307 2962 2
334 2944 470 2976 “Modo
493 2945 685 2978 Nicholaus.
748 2948 978 2980 Abbreviatio
1003 2957 1059 2980 Ms.
1093 2946 1185 2978 Cott.
1216 2944 1322 2986 Calig.
1351 2944 1393 2976 A.
1425 2943 1496 2977 viii.
1559 2943 1757 2978 Hoveden’s

245 2996 309 3030 list
327 2998 412 3031 ends
430 2999 518 3032 with
535 3000 737 3033 Benedict.''
