1889 3221
322 381 683 414 OARTULARIUM
709 381 978 414 ABBATHIAE
1010 382 1074 414 DE
1106 382 1353 414 WHITEBY.
1516 374 1596 410 543

87 490 304 531 haeredum
336 495 379 544 et
409 504 518 532 succ.
556 495 810 540 nostrorum,
838 505 913 545 per
943 505 1031 540 nos,
1059 491 1157 532 haer.
1190 490 1260 531 vel
1292 503 1400 531 succ.
1433 493 1600 530 nostros

87 555 209 605 solos,
230 556 299 596 vel
328 570 404 610 per
434 570 522 605 nos,
544 556 640 598 11301.
663 556 733 597 vel
764 570 872 597 succ.
896 561 1061 597 nostros
1093 556 1355 610 conjunctim
1386 569 1484 596 cum
1506 554 1601 595 aliis

87 621 290 675 personis,
330 622 400 662 vel
440 622 525 663 alia
556 636 737 676 persona
778 636 908 676 quam
949 623 1001 663 ad
1043 626 1204 663 sectam
1245 622 1418 663 alterius
1460 621 1601 673 cujus-

88 701 270 741 cumque
300 688 701 741 pmsequendorum,
724 692 766 729 et
797 688 1061 729 omnimodas
1094 688 1365 729 executiones
1395 687 1602 734 brevium,

88 753 396 802 mandatorum,
414 757 721 807 praeceptorum
743 758 785 795 et
801 754 1004 794 hillarum
1024 754 1149 808 praed.
1168 770 1228 794 ε-
1237 754 1305 794 Ita
1327 753 1440 807 quod
1457 752 1602 792 nullus

89 819 346 868 Vicecomes‚
363 819 573 869 Escaetor,
596 824 686 869 etc„
707 824 750 860 et
770 819 879 860 alius
901 819 1098 860 minister
1119 823 1273 868 noster,
1295 818 1513 859 haeredum
1533 816 1605 857 vel

90 897 200 925 succ.
222 887 475 933 nostrorum,
497 884 620 933 d'nia,
642 885 753 934 t’ras,
774 887 941 933 tenem.‚
962 885 1030 925 vel
1052 884 1175 925 feoda
1196 883 1323 938 praed.
1345 882 1606 936 ingrediatur

90 950 144 990 ad
165 949 338 1003 aliquod
359 949 545 990 officium
575 950 734 990 ibidem
764 950 1020 999 faciendum,
1042 950 1127 990 nisi
1147 950 1193 989 in
1225 949 1393 990 defectu
1413 949 1604 1001 ipsorum

90 1015 273 1056 Abbatis
305 1008 347 1055 et
379 1015 522 1064 Conv„
542 1015 613 1055 vel
644 1029 754 1056 succ.
777 1029 961 1064 suorum,
984 1015 1053 1056 vel
1079 1014 1239 1055 Ballivi
1270 1015 1337 1055 sui
1368 1017 1442 1054 aut
1472 1013 1604 1053 Balli-

91 1095 242 1122 vorum
273 1081 586 1121 suorumz—Et
607 1081 719 1134 quod
753 1081 887 1122 iidem
907 1082 1054 1122 Abbas
1078 1084 1119 1122 et
1147 1081 1291 1130 Conv.,
1323 1083 1365 1120 et
1396 1093 1504 1120 succ.
1527 1079 1606 1128 sui,

90 1146 217 1201 praed.
259 1146 433 1200 imperp.
475 1146 661 1187 habeant
696 1147 942 1188 omnimoda
982 1147 1093 1188 bona
1134 1150 1177 1187 et
1218 1146 1372 1187 catalla
1411 1146 1606 1186 omnium

92 1212 315 1253 hominum
351 1218 393 1253 et
428 1212 670 1253 tenentium
707 1226 891 1263 suorum,
921 1216 1010 1253 tam
1041 1212 1323 1254 residentium
1354 1225 1483 1265 quam
1519 1225 1606 1251 non

92 1278 381 1327 residentium,
413 1292 460 1319 ac
491 1277 674 1319 aliorum
704 1279 984 1320 residentium
1015 1291 1378 1333 quorumcunque,
1405 1277 1516 1317 infra
1536 1276 1607 1317 vel

94 1358 221 1397 super
255 1344 398 1384 omnia
431 1348 473 1385 et
498 1344 667 1398 singula
698 1344 823 1393 d’nia,
857 1345 969 1394 t’ms,
999 1348 1098 1394 ten,
1132 1349 1175 1385 et
1207 1344 1330 1384 feoda
1362 1343 1500 1397 praed„
1531 1356 1606 1396 pro

93 1410 262 1459 felonia,
292 1414 554 1464 contempni,
594 1411 940 1464 transgressione,
981 1410 1136 1460 debito,
1175 1414 1383 1463 compoto,
1417 1409 1488 1449 vel
1524 1408 1608 1448 alia

94 1476 312 1516 occasione
343 1489 417 1516 seu
449 1490 578 1517 causa
608 1489 890 1529 quacumque,
911 1480 1000 1516 tam
1022 1476 1076 1516 ad
1107 1478 1266 1516 sectam
1287 1478 1488 1522 nostram,
1509 1473 1606 1513 haer.

95 1541 166 1581 vel
186 1554 295 1581 succ.
319 1545 552 1590 nostorum,
572 1555 647 1595 per
667 1555 755 1590 nos,
776 1541 874 1582 haer.
891 1541 960 1581 vel
982 1555 1090 1581 succ.
1113 1544 1279 1581 nostros
1302 1540 1424 1588 50105,
1445 1539 1514 1580 vel
1535 1553 1609 1592 per

96 1619 185 1655 nos,
206 1606 303 1646 haer.
324 1606 394 1646 vel
425 1620 533 1646 succ.
565 1610 732 1647 nostros
764 1606 1029 1659 conjunctim
1061 1620 1159 1646 cum
1191 1605 1285 1646 aliis
1316 1604 1519 1658 personis,
1540 1604 1610 1645 vel

96 1671 179 1712 alia
200 1685 377 1725 persona
398 1685 526 1724 quam
548 1671 603 1711 ad
624 1674 784 1712 sectam
806 1671 981 1712 alterius
999 1671 1305 1725 cujuscunque,
1321 1670 1608 1724 utlagatoruni

97 1738 187 1778 sive
207 1737 531 1786 waiviatorum,1
562 1750 610 1778 ac
632 1737 762 1778 etiam
784 1737 1026 1778 omnimoda
1046 1737 1158 1777 bona
1180 1741 1222 1777 et
1243 1735 1396 1776 catalla
1417 1735 1609 1776 omnium

97 1803 321 1844 hominum
350 1803 590 1844 tenentium
621 1816 807 1852 suorum,
829 1808 917 1844 tam
948 1802 1228 1843 residentium
1252 1815 1380 1856 quam
1402 1815 1486 1841 non
1508 1800 1608 1841 resi-

99 1869 304 1919 dentium,
338 1874 380 1910 et
410 1869 591 1910 aliorum
620 1869 903 1910 residentium
932 1869 1232 1923 praedictorum
1263 1868 1454 1909 felonum
1486 1868 1535 1908 de
1567 1881 1612 1908 se

96 1935 213 1989 ipsiS‚
234 1948 281 1976 30
303 1934 482 1975 aliorum
504 1935 695 1976 felonum
713 1948 1076 1988 quorumcunque,
1093 1934 1385 1988 fugitivorum,
1407 1933 1610 1987 dampna-

96 2006 248 2050 torum,
271 2035 277 2042 .
301 2033 309 2042 .
333 2034 339 2041 .
363 2001 505 2041 omnia
525 2001 636 2041 bona
658 2015 706 2042 ac
728 2001 882 2042 catalla
904 2001 1096 2041 omnium
1118 2000 1367 2054 hujusmodi
1387 1999 1611 2040 hominum

98 2072 142 2109 et
171 2067 411 2108 tenentium
438 2067 718 2108 residentium
746 2070 788 2107 et
808 2081 895 2108 non
922 2066 1213 2115 residentium,
1235 2069 1277 2107 et
1298 2065 1477 2106 aliorum
1510 2065 1611 2106 resi-

100 2133 294 2174 dentium
323 2132 570 2186 hujusmodi
590 2146 955 2186 quorumcunque,
975 2136 1065 2172 tam
1098 2131 1327 2172 confiscata
1354 2144 1482 2184 quam
1514 2144 1611 2171 con-

99 2199 287 2240 fiscanda
305 2199 443 2239 :—Ita
492 2199 606 2252 quod
663 2199 700 2239 si
750 2198 905 2252 aliquis
955 2197 1203 2251 hujusmodi
1257 2197 1492 2245 hominum,
1543 2197 1613 2237 vel

99 2265 339 2306 tenentium
385 2264 679 2314 residentium,
720 2264 790 2305 vel
832 2278 917 2304 11011
964 2263 1256 2311 residentium,
1307 2267 1382 2302 aut
1431 2262 1611 2302 aliorum

101 2330 378 2372 residentium
409 2330 715 2383 praedictorum,
746 2343 822 2382 pro
844 2342 1114 2382 quacumque
1144 2328 1302 2368 felonia
1323 2328 1393 2368 vel
1423 2341 1498 2380 pro
1530 2327 1614 2367 alia

101 2397 318 2438 occasione
339 2395 408 2436 vel
439 2409 565 2436 031153
596 2408 875 2449 quacumque,
895 2395 1030 2435 vitam
1051 2394 1119 2434 vel
1149 2395 1388 2434 membrum
1419 2393 1613 2434 amittere

102 2463 266 2511 debeat,
282 2461 352 2502 Vel
369 2461 524 2514 fugerit
545 2465 588 2501 et
604 2461 767 2514 judicio
790 2464 901 2501 stare
923 2459 1119 2509 1101110111,
1136 2460 1226 2500 51νο
1247 2459 1463 2513 utlagatus
1484 2459 1614 2500 fuerit

102 2533 177 2569 aut
198 2527 371 2581 aliquod
391 2526 508 2566 aliud
530 2526 734 2567 delictum
755 2526 825 2567 vel
846 2525 1169 2573 forisfacturam,
1191 2525 1280 2565 sive
1302 2524 1474 2578 aliquod
1496 2524 1613 2564 aliud

103 2594 249 2635 fecerit
268 2607 344 2647 pro
375 2606 458 2646 quo
479 2593 588 2633 bona
621 2596 664 2634 et
685 2592 840 2633 catalla
871 2605 947 2632 sua
967 2591 1140 2645 perdere
1171 2591 1334 2640 debeat,
1355 2591 1613 2644 ubicumque

98 2659 268 2713 justitia
300 2659 352 2699 de
383 2672 430 2699 eo
461 2658 561 2699 inde
592 2658 682 2698 fieri
713 2658 875 2707 debeat,
902 2657 992 2698 sive
1022 2657 1078 2697 sit
1100 2670 1235 2697 coram
1260 2656 1393 2705 nobis,
1414 2656 1522 2705 haer„
1543 2656 1613 2697 vel

150 2782 164 2804 ¹
189 2786 210 2800 “
232 2784 368 2823 Vaivus,
381 2794 401 2814 3
414 2782 507 2822 waif,
526 2793 546 2814 3
560 2780 943 2825 vagabond.''—(Select
958 2780 1129 2819 Chen-cers,
1145 2782 1238 2820 551.)
1274 2780 1322 2811 M.
1339 2780 1414 2812 Lat.
1434 2782 1611 2822 wayvium,

105 2839 143 2871 Ο.
163 2839 218 2873 Fr.
237 2849 348 2879 yssym,
371 2849 391 2869 a
417 2838 507 2876 waif,
537 2848 610 2869 was
629 2837 803 2879 anything
827 2836 1030 2878 wandering
1055 2838 1092 2867 at
1116 2836 1211 2878 large
1236 2835 1390 2867 without
1415 2846 1458 2867 an
1484 2846 1613 2868 owner.

106 2919 112 2925 .
141 2920 147 2926 .
177 2920 182 2927 .
213 2897 220 2911 ‘
243 2893 427 2934 Wayvlum,
453 2893 548 2935 quod
573 2892 689 2924 nullus
715 2891 1043 2924 advocat.⁷—Fleca.
1072 2915 1079 2922 .
1107 2915 1114 2923 .
1143 2914 1150 2922 .
1181 2890 1287 2922 From
1313 2890 1402 2931 wfflf
1421 2890 1451 2922 15
1480 2891 1614 2922 formed

107 2948 192 2980 Mid.
213 2948 287 2980 Lat.
307 2949 475 2987 ωαὶυἱανε,
495 2948 533 2980 Ο.
554 2947 608 2980 Fr.
628 2958 772 2988 yzzesver,
793 2949 830 2978 to
855 2946 977 2985 waive,
996 2948 1033 2977 to
1060 2945 1162 2977 make
1182 2956 1202 2976 a
1218 2945 1302 2977 waif
1322 2945 1358 2977 of
1375 2956 1412 2976 or
1428 2948 1521 2977 treat
1539 2957 1576 2977 as
1594 2957 1614 2977 a

106 3003 197 3042 waif,
215 3005 252 3035 to
268 3013 443 3035 renounce
461 3002 520 3034 the
539 3001 635 3044 right
653 3002 689 3034 of
706 3000 1227 3044 ownership.'’—(Wedgwood,
1248 3000 1357 3042 Etym.
1376 3000 1464 3032 Dice.
1487 3001 1520 3031 in
1537 3002 1579 3040 v.)
