1889 3221
244 387 324 424 482
486 395 847 428 OARTULARIUM
873 395 1142 428 ABBATHIAE
1168 395 1230 427 DE
1257 396 1502 428 WHITEBY.

238 504 336 546 haer.
370 509 412 546 et
445 504 597 558 assign.
629 505 717 545 suis
748 505 942 559 imperp.,
963 505 1015 545 de
1047 505 1301 558 capitalibus
1334 505 1441 546 d'nis
1474 505 1601 554 feodi,
1634 504 1751 546 salva

238 585 404 624 semper
443 571 629 624 praefatis
671 571 831 612 Abbati
873 574 915 611 et
958 571 1100 620 Conv„
1136 575 1179 612 et
1220 585 1364 612 eorum
1406 585 1528 621 6666,
1564 571 1750 625 quadam

239 651 381 677 annua
416 637 619 690 pensione
651 650 725 677 sex
754 637 986 678 solidorum
1008 641 1051 677 et
1072 640 1165 678 octo
1197 637 1468 678 denariorum
1489 636 1747 691 percipiend.

238 708 281 743 et
321 703 502 744 habend.
538 703 589 743 de
631 703 728 744 eccl.
765 703 1082 756 praenominata,
1114 717 1189 757 per
1224 717 1375 744 manus
1418 704 1614 745 Personae
1650 703 1748 744 eccl.

238 769 503 822 supradictae,
525 769 599 822 qui
620 783 695 822 pro
717 772 907 822 tempore
929 768 1067 818 fuerit,
1089 773 1215 823 prout
1245 769 1507 822 temporibus
1529 769 1748 810 retroactis

236 835 345 875 solvi
376 835 607 876 consuevit.
667 835 724 875 Et
745 840 958 889 pneterea,
980 835 1085 875 dicti
1120 835 1266 875 Abbas
1299 839 1341 875 et
1375 835 1506 876 Conv.
1528 839 1572 876 et
1603 849 1749 876 eorum

235 914 343 942 6666.
375 901 622 954 praedictam
655 901 812 950 advoc,
835 915 932 942 cum
955 901 1042 941 suis
1073 905 1191 954 pert„
1213 901 1388 954 praefato
1425 901 1628 950 Johanni,
1649 900 1747 941 haer.

233 971 275 1007 et
297 967 448 1021 assign.
468 967 567 1016 suis,
584 970 730 1007 contra
752 980 861 1007 omn.
880 971 1027 1020 gentes
1049 979 1143 1007 war.
1161 966 1488 1020 imperpetuum.
1551 966 1604 1006 In
1626 967 1747 1020 cujus

231 1032 292 1073 rei
324 1036 418 1073 test.
452 1033 731 1086 praesentibus
763 1032 903 1086 sigilla
931 1033 1119 1086 partium
1151 1033 1397 1073 alternatim
1418 1036 1520 1073 sunt
1541 1033 1747 1086 apposita.

233 1099 331 1139 Hiis
365 1099 558 1139 testibus.
619 1099 729 1139 D'no
752 1099 940 1139 Henrico
972 1099 1023 1139 de
1054 1099 1212 1152 Percy3
1243 1098 1353 1138 D'no
1386 1098 1512 1139 Petro
1546 1098 1597 1139 de
1629 1099 1746 1139 Malo

231 1164 329 1205 lacu
365 1168 512 1216 sext03
544 1165 655 1205 D’no
693 1165 853 1205 Thoma
890 1164 941 1205 de
977 1165 1158 1215 Setona3
1205 1164 1432 1205 Militibus.
1495 1164 1657 1205 Thoma
1695 1165 1746 1206 de

232 1230 424 1285 Ingelby.
487 1229 629 1285 (144b)
652 1231 860 1272 Nicholao
894 1231 1054 1272 Gower.
1116 1231 1301 1271 Roberto
1323 1230 1374 1271 de
1407 1230 1671 1271 Roderham:
1703 1235 1745 1271 et

230 1296 335 1338 aliis.
396 1297 558 1338 Datum
595 1297 709 1351 apud
739 1297 958 1350 Whiteby‚
989 1297 1094 1337 AD.
1124 1296 1351 1337 millesimo
1385 1301 1504 1337 ccc¹¹¹⁰
1535 1297 1745 1350 quinqua-

228 1363 387 1416 gesimo
410 1368 569 1413 octavo,
591 1368 634 1404 et
655 1377 683 1404 1.
707 1363 832 1417 Regis
854 1362 1055 1403 Edwardi
1076 1362 1192 1403 tertii
1214 1376 1237 1402 a
1261 1362 1509 1415 Conquestu
1529 1362 1742 1403 tricesimo

230 1429 425 1469 secundo.

879 1568 1085 1609 DXLIX.

287 1668 511 1710 Universis
544 1668 705 1709 Christi
735 1667 846 1708 fidel.
876 1667 930 1708 ad
961 1680 1066 1721 quos
1096 1681 1156 1720 pr.
1180 1680 1212 1708 6.
1234 1666 1458 1707 indentata
1487 1666 1740 1720 pervenerit,

227 1735 372 1776 Abbas
409 1738 452 1776 et
484 1735 613 1775 Oonv,
637 1733 893 1774 Monasterii
929 1733 980 1774 de
1011 1733 1233 1787 Whiteby,
1266 1732 1460 1773 salutem.
1521 1732 1739 1773 Noveritis

227 1815 302 1842 nos
335 1801 385 1851 d.,
408 1815 536 1850 conc„
558 1804 599 1841 et
630 1800 707 1840 hac
729 1814 787 1853 pr.
821 1813 853 1841 c.
876 1804 1020 1840 nostra
1041 1799 1264 1839 indentata
1286 1798 1408 1848 conf„
1429 1797 1622 1840 Johanni
1651 1798 1738 1838 filio

226 1867 437 1908 Willelmi
477 1866 528 1906 de
570 1866 783 1919 Moubray
821 1865 1145 1905 advocationem
1186 1864 1284 1905 eccl.
1322 1864 1373 1905 de
1416 1864 1572 1905 Sutton
1613 1877 1740 1917 super

227 1933 442 1981 Derwent,
464 1945 562 1972 cum
591 1931 724 1985 gleba,
746 1930 978 1979 mansione,
999 1933 1132 1983 prato,
1164 1929 1430 1978 communiis,
1453 1933 1495 1969 et
1516 1942 1626 1969 omn.
1650 1929 1737 1969 suis

221 1998 390 2052 juribus
431 2001 474 2038 et
505 2002 610 2050 pert.
643 1996 782 2037 eidem
817 1995 915 2036 eccl.
947 1995 1517 2049 pertinentibus—Habend.
1551 1999 1602 2035 et.
1640 1998 1737 2044 ten,

226 2064 368 2105 advoc.
392 2063 488 2105 eccl.
512 2063 649 2116 praed„
672 2076 767 2103 cum
791 2076 901 2103 omn.
920 2061 1007 2102 suis
1025 2061 1194 2115 juribus
1216 2065 1258 2102 et
1278 2064 1396 2114 pert„
1414 2064 1462 2101 ut
1481 2061 1736 2114 praedictum

226 2134 300 2179 est,
321 2130 498 2183 praefato
524 2128 726 2177 Johanni,
747 2128 845 2168 haer.
868 2131 910 2168 et
931 2127 1086 2181 assign.
1112 2126 1212 2176 suis,
1233 2126 1319 2174 lib„
1341 2140 1422 2180 qu„
1444 2127 1533 2175 int„
1553 2127 1661 2167 bene
1693 2132 1736 2167 et

225 2196 269 2237 in
291 2209 406 2250 pace,
426 2195 764 2248 imperpetuum:
797 2194 923 2235 Salva
944 2193 1043 2234 inde
1075 2193 1197 2234 nobis
1220 2197 1261 2233 et
1283 2207 1392 2234 6666.
1415 2194 1570 2234 nostris
1593 2207 1735 2234 annua

224 2262 427 2316 pensione
459 2275 532 2302 sex
566 2261 685 2302 solid.
708 2265 751 2301 et
772 2265 865 2301 octo
897 2260 989 2301 den.
1012 2260 1064 2301 ad
1087 2260 1113 2300 s.
1138 2260 1174 2300 S.
1199 2259 1378 2300 Martini
1399 2259 1444 2299 in
1474 2259 1628 2312 hyeme
1659 2273 1733 2299 an-

226 2328 391 2369 nuatim
419 2326 721 2368 solvendorum
751 2340 826 2380 per
856 2340 1007 2367 manus
1040 2326 1232 2366 Rectoris
1264 2325 1360 2366 6661.
1384 2324 1638 2378 supradictae
1660 2325 1734 2378 qui

222 2408 296 2448 pro
328 2399 520 2447 tempore,
548 2393 698 2434 fuerit:
732 2393 870 2442 Quam
901 2392 1074 2446 quidem
1109 2392 1360 2445 pensionem
1391 2404 1466 2431 nos
1498 2395 1542 2431 et
1572 2390 1731 2444 praede-

223 2473 404 2500 cessores
426 2459 562 2500 nostri
582 2472 606 2499 a
626 2462 815 2512 tempore
838 2471 921 2511 quo
943 2472 1029 2498 non
1047 2457 1193 2498 existit
1215 2456 1337 2510 (144)
1355 2456 1558 2497 memoria
1578 2455 1731 2497 habere

221 2529 263 2565 et
302 2526 517 2579 percipere
553 2525 604 2564 de
637 2524 751 2564 dicta
791 2523 888 2564 6661.
924 2523 978 2563 ad
1014 2523 1198 2563 eundem
1230 2522 1464 2563 terminum
1505 2522 1727 2562 annuatim

222 2591 531 2632 consuevimus.
594 2591 650 2630 Et
672 2603 760 2638 nos,
781 2589 927 2629 Abbas
958 2593 1000 2629 et
1034 2589 1165 2630 Conv.
1187 2587 1390 2641 praedicti,
1412 2587 1537 2640 praed.
1570 2587 1727 2636 advoc„

222 2671 317 2698 cum
348 2657 517 2709 juribus
551 2661 592 2696 et
612 2660 715 2709 pert.
739 2655 826 2695 suis
857 2654 1067 2695 universis
1096 2653 1365 2707 supradictis,
1387 2652 1503 2692 salva
1536 2652 1658 2692 nobis
1685 2656 1727 2693 et

221 2736 329 2764 suco.
361 2722 517 2762 nostris
548 2721 751 2774 pensione
776 2720 915 2774 praed.‚
936 2724 985 2760 ut
1017 2719 1143 2774 praed.
1175 2722 1249 2767 est,
1270 2718 1427 2758 futuris
1460 2717 1723 2770 temporibus

220 2789 395 2841 imperp.
418 2787 592 2840 praefato
613 2787 642 2827 J
646 2786 816 2835 6116661,
833 2786 943 2834 haer„
959 2784 1255 2826 executoribus
1277 2786 1320 2824 et
1337 2782 1488 2836 assign.
1507 2782 1605 2831 suis,
1628 2796 1723 2824 war.

218 2855 394 2908 imperp.
415 2867 490 2906 per
509 2857 749 2905 praesentes.
814 2852 867 2891 In
901 2852 1021 2904 cujus
1042 2865 1071 2891 r.
1094 2853 1188 2891 test.
1211 2849 1322 2902 parti
1342 2849 1466 2889 istius
1487 2848 1725 2889 indenturae

218 2933 347 2975 penes
379 2918 504 2972 praed.
535 2918 563 2958 J
568 2918 778 2958 ohannem
813 2917 1018 2958 residenti
1049 2916 1123 2970 sig.
1152 2928 1374 2956 commune
1401 2914 1536 2968 Capit.
1573 2913 1723 2955 nostri¹

568 3015 579 3036 1
601 3017 821 3058 praesentibus
837 3015 1094 3056 unnecessarily
1112 3014 1265 3047 inserted
1283 3014 1371 3046 here.
