1889 3221
348 375 710 408 CARTULARIUM
736 375 1005 407 ABBATHIAE
1032 375 1096 407 DE
1121 375 1367 408 WHITEBY.
1524 368 1612 424 ¹535

101 484 262 525 habent
283 498 336 526 ex.
358 484 587 525 donatione
608 484 818 525 VVillehni
839 484 891 525 de
922 485 1056 538 Percy
1078 488 1120 525 et
1140 484 1273 524 Alani
1301 484 1353 525 de
1382 485 1514 538 Percy
1538 483 1617 523 filii
1681 493 1683 496 '

101 551 204 603 ejus,
240 554 282 591 et
321 550 560 591 redditione
600 553 642 591 et
683 550 953 591 concessione
992 550 1096 590 D’ni
1135 550 1359 600 Johannis,
1400 549 1617 603 quondam

102 617 228 671 Regis
259 617 450 671 ·Angliae‚
484 617 618 670 patris
659 617 806 665 nostri,
843 620 885 657 et
925 617 1244 657 confirmatione
1284 619 1439 666 nostra,
1475 628 1615 656 coram

100 683 254 724 Justic.
277 683 433 724 nostris
464 683 563 723 ltin.
587 682 640 723 ad
669 682 827 736 placita
852 683 1018 723 forestae
1048 682 1095 722 in
1125 682 1316 736 partibus
1338 682 1436 731 illis,
1457 685 1499 722 et
1529 694 1616 721 non

101 748 215 798 alibi,
236 749 347 790 sicut
368 749 560 789 viridarii
591 749 757 789 forestae
788 752 942 789 nostrae
972 748 1218 802 hujusmodi
1248 748 1541 802 responsiones
1573 751 1616 788 et

100 814 447 867 praesentationes
479 815 614 855 facere
640 814 796 855 debent
817 817 858 855 et
875 819 1198 855 consueverunt.
1260 815 1317 855 Et
1338 814 1374 855 si
1395 814 1616 867 contingat

100 880 265 933 aliquos
310 880 561 921 forinsecos1
603 880 677 934 qui
718 894 803 920 non
848 879 936 920 sint
981 880 1032 921 de
1076 880 1272 920 libertate
1316 880 1614 934 praedictorum

99 946 279 987 Abbatis
316 951 358 987 et
399 947 529 988 Gonv.
566 946 943 1000 transgressionem
979 946 1114 987 facere
1151 946 1202 986 de
1237 946 1463 987 venatione
1502 945 1615 985 infra

99 1015 235 1053 metas
253 1012 419 1053 forestae
439 1012 579 1066 praed.>
595 1026 700 1066 quos
721 1011 849 1065 praed.
865 1012 1056 1052 viridarii
1077 1011 1309 1052 attachiare
1329 1025 1416 1052 non
1436 1011 1612 1065 possint,

98 1077 298 1118 volumus
330 1082 372 1119 et
403 1078 685 1127 concedimus,
706 1091 781 1131 pro
803 1078 925 1118 nobis
947 1081 989 1118 et
1011 1077 1108 1118 haer.
1131 1077 1299 1127 nostris,
1321 1078 1434 1131 quod
1464 1077 1612 1130 hujus-

99 1144 216 1184 modi
236 1149 561 1198 transgressores
578 1158 653 1198 per
668 1144 697 1185 J
701 1143 938 1184 usticiarios
955 1144 989 1183 F
992 1147 1140 1185 orestae
1155 1147 1310 1184 nostrae
1330 1143 1443 1184 ultra
1459 1144 1612 1184 Trente

98 1210 387 1251 attachientur
423 1211 477 1251 ad
516 1210 888 1264 praesentationem
923 1209 1092 1251 viridar.
1126 1209 1426 1264 praedictorum
1461 1208 1514 1250 ad
1549 1223 1612 1250 re-

97 1276 395 1329 spondendum
443 1276 544 1316 inde
594 1289 733 1316 coram
783 1275 936 1316 Justic.
986 1275 1142 1316 nostris
1194 1275 1295 1316 ltin.
1346 1275 1400 1315 ad
1454 1274 1613 1328 placita

98 1342 282 1383 Forestae
317 1346 472 1383 nostrae
507 1342 553 1382 in
588 1342 780 1395 partibus
819 1341 918 1391 illis,
953 1355 1051 1382 cum
1085 1341 1187 1384 ibid.
1224 1341 1278 1382 ad
1316 1341 1609 1395 placitandum

98 1409 304 1458 venerint,
333 1412 461 1462 prout
493 1408 727 1449 secundum
760 1408 936 1448 assisam
969 1411 1012 1449 et
1043 1408 1395 1449 consuetudinem
1428 1408 1611 1448 Forestae

99 1478 254 1515 nostrae
294 1475 423 1515 fuerit
463 1475 719 1523 faciendum,
760 1474 878 1514 salva
910 1474 1032 1514 nobis
1074 1478 1116 1515 et
1156 1474 1254 1515 haer.
1286 1474 1442 1514 nostris
1473 1474 1608 1514 omni-

99 1540 225 1580 moda
246 1540 513 1581 forisfactura
535 1541 586 1581 de
606 1540 1012 1593 transgressionibus
1040 1540 1304 1594 supradictis.
1367 1539 1466 1579 Hiis
1488 1540 1610 1580 testi-

101 1606 190 1647 bus.
241 1606 488 1647 Venerabili
509 1610 642 1659 patre,
663 1606 800 1655 Petro,
817 1606 1038 1647 Hereford.
1056 1606 1170 1659 Ep'o.
1222 1606 1383 1659 Rogero
1404 1605 1444 1646 le
1461 1605 1609 1659 Bigod,

102 1672 215 1713 Com.
250 1672 382 1713 Norff.
417 1676 460 1713 et
492 1672 746 1713 Marescallo
780 1672 960 1726 Angliae.
1001 1672 1205 1725 Philippo
1243 1673 1405 1720 Basset‚
1451 1672 1605 1713 Justic.

101 1743 244 1778 nostro
285 1737 465 1791 Angliae.
544 1738 728 1791 Hugone
772 1737 813 1778 le
864 1737 1023 1792 Bygod.
1104 1739 1133 1779 J
1137 1738 1304 1779 ohanne
1354 1737 1609 1787 Maunsene,

102 1804 299 1846 Thesaur.
329 1805 452 1846 Ebor.
514 1804 698 1844 Roberto
728 1803 998 1844 Waleraund.
1059 1803 1278 1844 Willelmo
1310 1804 1361 1845 de
1388 1804 1607 1844 Wintona.

102 1870 295 1910 Galfrido
326 1870 377 1911 de
405 1869 586 1923 Langel'.
646 1869 841 1910 Ebulone
862 1869 913 1910 de
935 1869 1184 1910 Montibus:
1215 1873 1258 1910 et
1279 1869 1384 1910 aliis.
1444 1869 1609 1910 Datum

99 1950 175 1990 per
206 1950 381 1977 manum
415 1941 604 1977 nostram
639 1936 753 1990 apud
783 1936 961 1977 Westm.
999 1936 1161 1977 decimo
1198 1937 1265 1977 die
1296 1936 1457 1985 Martii,
1487 1936 1547 1976 ΑΟ
1577 1950 1606 1976 r.

101 2003 236 2044 nostri
267 2002 586 2057 quadragesimo
620 2002 802 2056 septimo
826 2002 990 2056 [1263]
1050 2002 1140 2043 Nos
1172 2006 1327 2052 autem,
1358 2002 1608 2042 donationes

101 2072 144 2110 et
168 2069 507 2110 confirmationes
528 2068 654 2122 praed.
676 2072 788 2109 ratas
816 2068 1023 2109 habentes
1054 2071 1095 2109 et
1126 2072 1277 2123 gratas,
1299 2082 1369 2109 eas
1391 2082 1465 2122 pro
1488 2068 1609 2109 nobis

102 2140 145 2177 et
174 2135 271 2177 haer.
293 2135 461 2184 nostris,
483 2138 694 2188 quantum
721 2135 768 2175 in
788 2134 910 2175 nobis
933 2138 1008 2184 est,
1029 2135 1218 2188 praefatis
1239 2134 1401 2175 Abbati
1423 2138 1465 2175 et
1486 2148 1611 2183 mon,

101 2204 144 2242 et
165 2215 310 2242 eorum
332 2214 454 2250 succ„
475 2200 745 2241 concedimus
778 2204 820 2241 et
850 2200 958 2241 conf.
982 2200 1095 2241 sicut
1116 2205 1242 2241 cartae
1268 2200 1394 2254 praed.
1426 2200 1609 2241 rationa-

100 2267 243 2307 biliter
263 2270 488 2308 testantur.
549 2266 648 2306 Hiis
669 2266 865 2307 testibus.
926 2266 1173 2306 Venerabili
1203 2270 1335 2318 patre,
1365 2265 1608 2318 W[altero]‚

105 2332 302 2373 Coventr.
325 2335 366 2372 et
387 2331 515 2385 Lych.
538 2331 759 2384 Episcopo.
810 2330 995 2371 Radulfo
1016 2331 1105 2371 filio
1126 2331 1348 2372 Wfflehni.
1389 2331 1610 2371 Willelmo

102 2398 144 2439 le
175 2398 371 2438 Latimer.
430 2397 649 2438 Willelmo
680 2397 719 2437 le
749 2396 977 2437 Vavessur.
1037 2397 1066 2437 J
1070 2396 1236 2436 ohanne
1268 2396 1319 2436 de
1342 2396 1609 2437 Crumbwell.

105 2463 294 2504 Henrico
331 2461 559 2516 Spizarnel.
631 2462 821 2502 Henrico
856 2461 896 2502 16
933 2461 1074 2514 Scrop.
1146 2461 1374 2501 Edniundo
1410 2462 1462 2502 de
1493 2462 1612 2502 Malo

104 2529 211 2577 lacu,
248 2526 487 2568 Senescallo
524 2527 717 2580 Hospitii
751 2527 896 2567 nostri.
971 2526 1159 2567 Henrico
1200 2527 1252 2567 de
1292 2522 1520 2580 Appelby:
1570 2532 1612 2568 et

105 2595 210 2635 aliis.
271 2593 435 2633 Datum
464 2606 538 2646 per
560 2605 736 2632 manum
758 2595 947 2632 nostram
968 2592 1083 2645 apud
1109 2593 1230 2633 Ebor.
1253 2593 1333 2633 viio
1364 2592 1431 2633 die
1462 2593 1611 2633 Martii

105 2659 268 2714 [1312]
330 2659 411 2699 Per
431 2658 560 2699 finem
581 2672 641 2698 xx
661 2658 876 2700 librarum.

204 2782 504 2823 DLXXXIII.
538 2781 767 2836 [CHARTER
788 2781 944 2831 ROLLs,
968 2785 1098 2822 21-24
1123 2782 1264 2823 HENR.
1286 2792 1342 2823 vi.
1363 2796 1418 2824 m.
1444 2783 1526 2837 18.]

163 2866 270 2916 Rex,
304 2864 661 2918 Archiepiscopis,
707 2868 797 2913 etc„
852 2863 1044 2905 salutem.
1127 2864 1402 2918 Inspeximus
1450 2865 1616 2907 litteras

106 2935 270 2972 nostras
300 2934 495 2984 patentes
526 2944 664 2984 nuper
692 2930 826 2971 factas
851 2930 897 2969 in
918 2930 1007 2971 haec
1029 2930 1158 2972 verba
1173 2931 1467 2981 z—Henricus,
1489 2932 1541 2974 D.
1565 2933 1616 2973 G.

788 3004 986 3043 foriozcecos.
