1889 3221
343 390 704 424 CARTULARIUM
729 389 998 422 ABBATHIAE
1024 388 1088 421 DE
1113 388 1360 421 WHITEBY.
1526 378 1607 416 665

93 512 224 552 penes
269 513 347 541 nos
392 500 598 554 inspectis
640 502 682 540 et
722 499 951 554 diligenter
991 498 1260 547 examinatis,
1301 511 1349 538 ac
1391 496 1443 538 de
1481 495 1611 550 juris-

93 564 328 618 peritorum
364 566 542 607 consilio
578 565 702 606 nobis
738 565 1019 606 assidentium
1040 564 1094 605 ad
1126 564 1303 618 plenum
1335 561 1538 603 discussis
1570 564 1613 601 et

93 630 270 681 rimatis,
306 632 409 686 quia
448 632 694 673 invenimus
730 631 865 672 dictos
907 631 1143 685 Religiosos
1185 643 1311 684 super
1345 627 1612 670 assecutione

94 697 306 739 dictarum
352 698 638 748 ecclesiarum,
681 698 953 752 perceptione
996 698 1229 746 fructuum,
1270 695 1520 737 reddituum
1571 695 1614 733 et

94 768 382 816 proventuum
414 765 656 814 earundem,
678 778 844 805 necnon
865 763 1112 817 portionum
1143 767 1187 804 et
1217 762 1473 816 pensionum
1503 773 1612 814 prae-

94 829 317 880 dictarum,
349 831 597 884 caeterisque
628 831 826 871 omnibus
849 829 1160 883 suprascriptis,
1192 828 1451 870 sufficienter
1480 826 1614 866 fuisse

95 900 138 937 et
171 910 261 938 esse
302 897 504 946 munitos,
537 897 651 950 ipsos
686 897 738 937 ab
771 896 974 937 ulteriore
1009 895 1281 949 impetitione
1319 893 1447 935 officii
1476 891 1615 933 nostri

95 964 237 1016 quoad
263 965 484 1017 praemissa
511 963 772 1004 dimittimus
794 976 868 1017 per
889 963 1119 1004 decretum.
1182 962 1236 1001 In
1271 961 1393 1014 cujus
1424 959 1487 1000 rei
1517 960 1613 999 test.

96 1030 170 1084 sig.
193 1034 387 1071 nostrum
417 1030 702 1084 praesentibus
726 1033 790 1070 est
821 1043 1069 1083 appensum.
1131 1029 1296 1068 Datum
1327 1026 1442 1080 apud
1473 1025 1614 1077 Thorp

90 1096 219 1149 juxta
254 1097 377 1138 Ebor.
409 1097 470 1137 v²⁰
507 1097 575 1137 die
611 1096 778 1137 Mensis
820 1096 1030 1146 Januarii,
1070 1094 1176 1136 A.D.
1213 1092 1542 1142 M0ccem01xxv10,
1573 1094 1618 1132 et

96 1166 252 1204 nostrae
275 1163 618 1205 Consecrationis
639 1160 740 1204 iiitiO.

544 1330 732 1372 DCXII.
765 1328 1009 1384 (Arundell‚
1030 1329 1056 1370 f.
1083 1328 1167 1381 58.)

157 1438 367 1480 Omnibus
390 1439 551 1480 Christi
581 1438 778 1480 fidelibus
801 1437 881 1479 hoc
911 1450 1030 1491 praes.
1063 1436 1269 1489 scriptum
1299 1434 1374 1475 vis.
1406 1432 1477 1474 vel
1509 1431 1619 1481 aud.,

98 1504 261 1553 Petrus,
278 1504 439 1558 provid.
456 1505 628 1553 Divina,
643 1504 790 1544 Abbas
808 1502 1061 1543 Monasterii
1079 1500 1350 1553 deWhiteby,
1366 1502 1409 1539 et
1426 1496 1617 1552 ejusdem

96 1569 181 1610 loci
203 1570 463 1619 Conventus,
495 1570 678 1610 salutem
699 1569 745 1609 in
765 1569 878 1609 D’no
901 1567 1215 1621 sempiternam.
1277 1563 1496 1605 Noveritis
1526 1576 1616 1612 nOS,

98 1635 293 1676 unanimi
314 1649 522 1676 consensu
554 1639 595 1676 et
624 1648 812 1683 assensu,
834 1633 887 1674 ad
917 1632 1171 1673 instantiam
1192 1628 1542 1672 excellentissimi
1570 1627 1617 1668 in

100 1701 269 1742 Christo
311 1701 521 1754 Principis
563 1705 606 1742 et
645 1700 748 1741 D'ni
788 1699 922 1740 nostri
964 1698 1052 1739 d'ni
1093 1697 1277 1746 Ricardi‚
1313 1697 1366 1737 D.
1405 1695 1454 1736 G.
1489 1693 1616 1748 Regis

99 1767 268 1822 Angliae
300 1772 342 1808 et
363 1767 552 1807 Franciae
582 1766 775 1816 illustris,
797 1769 839 1806 et
860 1765 962 1806 D'ni
993 1764 1227 1813 Hiberniae,
1248 1762 1465 1804 occasione
1495 1773 1617 1801 novae

100 1833 325 1874 creationis
356 1836 510 1873 nostrae
541 1833 587 1872 in
617 1833 833 1873 Abbatem
865 1831 1057 1885 ejusdem
1088 1828 1354 1878 Monasterii‚
1376 1827 1544 1869 dedisse
1575 1830 1616 1867 et

100 1899 358 1940 concessisse
389 1898 545 1939 dilecto
567 1899 690 1939 nobis
721 1898 768 1938 in
800 1898 983 1947 Christo,
1014 1896 1207 1938 Johanni
1238 1895 1409 1943 Barker,
1441 1892 1619 1942 Clerico,

98 1965 315 2019 quandam
335 1978 522 2005 annuam
542 1965 790 2018 pensionem
813 1978 840 2005 v
857 1977 1098 2004 marcarum
1120 1962 1171 2003 de
1187 1959 1451 2003 Monasterio
1473 1962 1618 1999 nostro

99 2031 280 2086 singulis
312 2031 435 2072 annis
465 2031 786 2084 percipiendam
809 2030 862 2071 ad
884 2030 990 2071 duos
1022 2029 1126 2070 anni
1146 2025 1536 2070 terminos—videl.
1564 2024 1616 2065 ad

99 2098 257 2139 festum
280 2097 319 2138 S.
339 2096 518 2137 Martini
534 2097 580 2136 in
595 2110 718 2151 yeme
736 2100 778 2137 et
794 2097 1089 2145 Pentecosten,
1102 2109 1178 2149 per
1193 2094 1376 2148 aequales
1392 2091 1620 2146 portiones,

101 2177 324 2218 quousque
353 2163 584 2216 praedictus
616 2164 645 2204 J
648 2163 837 2203 ohannes
868 2162 922 2202 ad
953 2161 1128 2215 aliquod
1158 2159 1415 2201 beneficium
1447 2156 1617 2198 ecclesi-

101 2230 282 2270 asticum
305 2233 550 2282 competens
571 2242 647 2282 per
677 2242 754 2269 nos
776 2229 907 2268 fuerit
936 2231 1181 2281 promotus3
1213 2226 1266 2266 ad
1288 2237 1418 2278 quam
1440 2222 1617 2276 quidem

101 2308 289 2336 annuam
304 2295 554 2348 pensionem
567 2308 595 2334 v
610 2307 849 2334 marcarum
865 2293 973 2333 bene
995 2297 1037 2333 et
1056 2291 1247 2340 fideliter,
1264 2294 1314 2330 ut
1328 2287 1618 2343 praemittitur,

103 2360 349 2402 solvendam
368 2359 605 2413 obligamus
621 2373 698 2400 nos
713 2362 755 2400 et
770 2371 1030 2399 successores
1046 2361 1227 2405 nostros,
1244 2369 1291 2396 ac
1305 2352 1618 2395 Monasterium

103 2429 297 2467 nostrum
318 2425 583 2479 praedictum,
602 2438 769 2466 necnon
800 2423 943 2465 omnia
973 2423 1084 2464 bona
1105 2426 1147 2463 et
1169 2421 1325 2463 catalla
1344 2423 1491 2461 nostra
1511 2433 1618 2473 prae—

104 2492 242 2533 sentia
258 2494 300 2532 et
315 2491 461 2531 futura
477 2504 553 2544 per
571 2494 811 2544 praesentes.
844 2489 899 2529 In
920 2502 951 2530 c.
974 2502 1004 2529 r.
1026 2492 1055 2529 t.
1080 2489 1153 2542 sig.
1176 2490 1370 2528 nostrum
1390 2498 1618 2527 commune

102 2556 385 2612 praesentibus
417 2560 482 2596 est
506 2569 753 2610 appensum.
814 2556 979 2596 Datum
999 2555 1046 2595 in
1068 2555 1193 2595 domo
1214 2557 1359 2594 nostra
1381 2550 1620 2605 Capitulari

105 2622 360 2664 Monasterii
390 2621 526 2662 nostri
556 2621 760 2675 praedicti,
780 2621 982 2663 vicesimo
1014 2620 1083 2662 die
1110 2619 1271 2661 mensis
1293 2617 1489 2659 Octobris
1510 2617 1620 2658 A.D.

106 2693 250 2729 M⁰ccc⁰
271 2686 545 2741 nonogesimo
566 2687 703 2728 tertio.

163 2756 220 2796 Et
250 2754 572 2796 memorandum
603 2753 716 2807 quod
747 2752 982 2794 consimilis
1013 2751 1215 2806 obligatio
1246 2750 1359 2791 facta
1379 2749 1463 2789 fuit
1495 2749 1620 2790 Petro

107 2820 322 2875 Pleyford‚
356 2820 532 2869 Clerico,
565 2819 616 2860 de
652 2832 795 2859 annua
828 2819 1033 2872 pensione
1069 2817 1259 2870 quinque
1294 2828 1530 2856 marcarum
1570 2814 1622 2856 de

109 2887 269 2928 eisdem
301 2886 471 2927 Abbate
511 2888 554 2927 et
590 2885 817 2926 Conventu
857 2884 936 2925 sub
970 2882 1110 2937 sigillo
1152 2881 1370 2923 communi
1410 2880 1621 2922 dictorum

109 2951 292 2992 Abbatis
326 2956 370 2993 et
403 2952 663 3000 Conventus,
698 2964 796 2991 cum
826 2949 901 2990 illa
933 2949 1077 2990 clausa
1109 2960 1330 3002 quousque
1359 2946 1412 2987 ad
1447 2946 1622 3000 aliquod

110 3016 364 3058 beneficium
396 3017 583 3059 ecclesiae
614 3019 858 3071 competens
890 3018 978 3066 etc,
1001 3014 1054 3056 ad
1077 3014 1328 3056 mandatum
1358 3012 1460 3053 D'ni
1489 3012 1625 3054 nostri
