1889 3221
366 353 728 386 CARTULARIUM
754 353 1023 386 ABBATHIAE
1050 354 1114 386 DE
1139 354 1387 389 WHITEBY.
1558 349 1637 386 645

118 475 192 515 per
213 475 289 503 nos
311 462 469 512 audito,
491 476 539 503 ac
556 463 878 504 confirmatione
895 462 1114 504 electionis
1131 468 1174 504 et
1190 463 1313 504 electi
1331 465 1632 518 praedictorum

118 540 192 579 per
207 527 348 581 ipsum
365 527 549 569 electum
571 541 594 569 a
615 528 737 569 nobis
755 528 977 569 humiliter
997 529 1133 582 petita
1154 530 1234 570 sub
1255 529 1334 571 hac
1357 530 1492 571 forma
1509 531 1633 572 :-In

117 594 200 635 Dei
228 594 412 645 nomine,
441 595 592 636 Amen.
656 596 810 637 Coram
831 596 953 637 vobis
975 595 1223 637 Venerabili
1243 596 1289 636 in
1312 596 1483 638 Christo
1514 602 1636 651 patre

117 665 160 699 et
190 660 286 700 d'no
318 665 476 710 nostro,
499 661 610 701 D'no
636 661 857 702 Willelmo
890 662 942 702 D.
966 661 1015 702 G.
1039 662 1162 702 Ebor.
1193 662 1432 716 Archiep'o,
1462 663 1635 718 Angliae

117 725 315 775 Primate,
335 729 433 780 peto
455 740 542 780 ego,
564 727 745 768 Thomas
768 727 819 768 de
841 727 1157 781 Haukesgarth,
1178 728 1223 768 in
1244 728 1459 770 Abbatem
1481 730 1635 770 Mon’ii

116 791 167 831 de
189 792 396 846 Whiteby
416 793 618 834 canonice
650 798 693 834 et
724 794 989 834 concorditer
1010 794 1184 844 electus,
1206 794 1459 836 electionem
1480 795 1533 837 de
1564 809 1633 836 me

114 871 190 911 per
210 858 399 899 Priorem
420 862 462 900 et
484 859 615 901 Conv.
637 859 826 913 ejusdem
850 860 1001 901 Mon'ii
1022 860 1179 901 factam
1201 860 1248 901 in
1266 860 1479 902 Abbatem
1495 861 1632 916 ipsius

116 924 280 974 Mon'ii,
301 925 488 978 probatis
509 925 555 965 in
575 926 656 966 1100
678 939 779 966 casu
800 926 1042 979 probandis,
1064 940 1139 980 per
1158 940 1233 967 vos
1256 927 1458 969 canonice
1481 928 1631 969 confir-

115 991 234 1040 mari,
251 994 293 1032 et
309 991 400 1032 fieri
415 991 548 1032 michi
569 992 803 1033 secundum
822 992 1074 1046 qualitatem
1091 993 1407 1046 praemissorum
1423 993 1486 1034 ita
1502 994 1631 1048 justi-

114 1056 187 1096 tiae
208 1057 579 1110 complementum.
642 1058 747 1099 Haec
779 1058 872 1099 dico
896 1063 938 1099 et
959 1061 1057 1112 peto
1080 1059 1346 1112 conjunctim
1380 1063 1423 1100 et
1444 1059 1632 1109 divisim,

115 1120 252 1162 officio
281 1125 421 1163 vestro
453 1123 675 1164 humiliter
710 1123 937 1177 implorato
974 1137 1101 1177 super
1131 1124 1330 1165 omnibus
1366 1138 1414 1166 ac
1450 1125 1632 1179 singulis

115 1201 242 1241 super
281 1189 437 1242 quibus
478 1190 608 1231 fuerit
647 1189 980 1244 implorandum,
1016 1190 1126 1244 juris
1167 1190 1372 1232 beneficio
1414 1191 1545 1232 michi
1586 1191 1632 1231 111

114 1254 312 1296 omnibus
326 1269 492 1308 semper
507 1256 638 1305 salvo,
653 1256 775 1310 (240)
793 1256 1069 1310 exhibitoque
1085 1256 1211 1297 dictae
1228 1256 1449 1298 electionis
1463 1258 1633 1298 decreto

115 1320 246 1374 signis
268 1325 311 1362 et
331 1321 482 1375 sigillis
512 1322 764 1376 eligentium
786 1336 833 1363 ac
855 1323 1423 1377 Notariorum-publicorum
1455 1323 1635 1378 signato,

115 1390 158 1426 et
193 1388 520 1441 quamplurimis
556 1389 857 1430 instrumentis
894 1389 1182 1443 singularibus
1219 1389 1471 1444 singillatim
1507 1403 1634 1443 super

115 1466 313 1505 processu
335 1454 527 1507 ejusdem
550 1454 771 1496 electionis
794 1456 1054 1504 constitutis,
1076 1455 1228 1509 sigillis
1249 1456 1447 1510 pendent.
1471 1458 1513 1496 et
1534 1456 1632 1496 sub-

115 1518 416 1571 scriptionibus
438 1520 649 1561 dictorum
670 1521 947 1562 Notariorum
968 1521 1159 1575 signatis,
1179 1522 1377 1575 factaque
1398 1522 1633 1575 proclama-

116 1583 232 1625 tione
263 1589 306 1626 et
337 1586 475 1626 edicto
498 1587 714 1628 citationis
745 1587 1028 1640 peremptorie
1049 1587 1102 1628 ad
1134 1590 1270 1628 certos
1292 1587 1406 1628 diem
1427 1591 1470 1628 et
1490 1587 1633 1628 locum

116 1650 229 1702 quod
251 1664 396 1693 omnes
427 1656 469 1692 et
491 1652 660 1707 singuli,
686 1653 722 1693 si
743 1653 819 1706 qui
850 1657 1003 1703 essent,
1025 1653 1099 1707 qui
1130 1653 1335 1707 quicquid
1357 1658 1503 1694 contra
1524 1653 1632 1694 elec-

116 1715 276 1756 tionem
298 1721 373 1758 aut
393 1718 572 1758 formam
595 1718 814 1759 electionis
836 1719 1051 1772 praedictae
1073 1731 1283 1772 opponere
1305 1732 1380 1760 seu
1401 1733 1632 1773 proponere

115 1781 315 1836 velle[n]t
348 1797 476 1836 quare
517 1783 768 1825 electionem
801 1789 844 1825 et
877 1785 1060 1825 electum
1096 1784 1348 1838 praedictum
1386 1784 1633 1825 confirmare

116 1848 292 1889 minime
306 1849 520 1899 debemus,
534 1863 609 1903 pro
624 1850 804 1891 termino
818 1850 1100 1904 peremptorie
1114 1851 1375 1904 proponitur,
1390 1854 1432 1891 et
1444 1850 1633 1904 legitime

117 1914 229 1954 facta
258 1914 434 1968 insuper
472 1915 804 1969 proclamatione
845 1916 1018 1970 publica
1048 1930 1151 1958 voce
1186 1917 1399 1970 praeconia
1430 1917 1476 1957 in
1513 1920 1631 1957 term.

116 1985 345 2021 memorato
363 1994 410 2021 ac
427 1981 546 2021 nullo
563 1981 804 2035 oppositore
821 1985 1092 2035 comparente
1107 1995 1186 2023 nec
1202 1981 1433 2036 quicquam
1450 1995 1631 2036 propon-

116 2049 225 2094 ente,
240 2046 476 2100 rimatoque
497 2060 572 2101 per
592 2060 680 2096 nos,
697 2047 951 2097 examinato,
969 2051 1012 2088 et
1028 2047 1289 2089 sufficienter
1309 2048 1500 2088 discusso
1522 2047 1632 2100 ejus-

116 2111 213 2152 dem
241 2111 459 2153 electionis
490 2112 670 2166 negotio,
692 2126 740 2153 ac
769 2116 935 2153 servato
962 2126 1164 2166 processu
1194 2112 1399 2167 legitimo,
1430 2117 1558 2166 prout
1589 2116 1633 2152 et

116 2177 319 2230 quatinus
350 2177 396 2217 in
417 2177 496 2218 hoc
517 2191 617 2218 casu
643 2178 881 2231 requiritur.
950 2178 1089 2228 Quare
1120 2179 1364 2219 invenimus
1387 2178 1631 2232 praedictam

116 2242 365 2283 electionem
397 2242 448 2284 de
469 2256 647 2296 persona
667 2243 861 2296 praedicti
882 2243 1024 2284 fratris
1046 2243 1219 2283 Thomae
1246 2243 1297 2284 de
1328 2243 1630 2296 Haukesgarth

116 2308 317 2348 canonice
345 2308 609 2357 celebratam,
639 2309 778 2362 ipsam
808 2308 1058 2349 electionem
1090 2312 1132 2349 et
1163 2308 1347 2348 electum
1377 2308 1630 2361 praedictum

117 2372 319 2413 canonice
347 2373 656 2422 confirmamus,
684 2377 727 2413 et
759 2373 1170 2414 administrationem
1206 2373 1396 2413 omnium
1424 2373 1628 2414 bonorum

117 2437 406 2492 spiritualium
428 2442 470 2479 et
491 2437 790 2491 temporalium
807 2438 911 2479 dicti
931 2439 1083 2479 Mon'ii
1105 2438 1243 2479 eidem
1265 2439 1573 2480 committimus
1590 2443 1633 2479 et

117 2503 400 2552 concedimus,
421 2517 496 2556 per
525 2507 754 2557 praesentes
785 2517 891 2556 quas
922 2504 968 2544 in
997 2504 1310 2557 praemissorum
1336 2504 1630 2545 testimonium

118 2568 370 2609 mandamus
392 2568 521 2622 sigilli
537 2568 670 2609 nostri
686 2568 963 2622 impressione
980 2569 1148 2610 muniri.
1185 2571 1349 2610 Datum
1363 2570 1477 2624 apud
1490 2570 1631 2624 Thorp

117 2647 248 2688 prope
278 2634 401 2674 Ebor.
423 2634 469 2674 in
500 2633 682 2675 Kalend.
705 2634 903 2688 Augusti,
924 2635 974 2676 A.
998 2635 1068 2676 Gr.
1091 2636 1376 2677 M⁰ccc¹¹¹0xxiii
1406 2639 1449 2677 et
1473 2636 1631 2678 Pontis.

118 2699 253 2740 nostri
274 2699 436 2753 quinto.

256 2814 428 2855 Dorum
450 2814 587 2854 REGIS
610 2824 690 2854 PRO
712 2814 1051 2855 TEMPORALIBUS
1073 2825 1189 2855 chrr
1212 2816 1492 2858 MONAsTERn

718 2879 1034 2920 CONFIRMArio.

179 2961 453 3003 Serenissimo
486 2962 676 3016 Principi
714 2961 810 3002 d’no
847 2975 935 3011 suo,
971 2963 1081 3003 D’no
1112 2963 1319 3005 Edwardo
1355 2966 1408 3006 D.
1445 2966 1494 3008 G.
1533 2968 1636 3021 Regi

178 3036 268 3066 VOL.
293 3037 335 3067 ΙΙ.
1438 3043 1462 3071 Τ
