1889 3221
378 381 740 415 OARTULARIUM
766 380 1033 414 ABBATHIAE
1059 380 1124 413 DE
1149 378 1395 412 WHITEBY.
1563 367 1644 407 637

129 494 298 542 ventus,
319 505 393 545 per
415 492 567 533 fratres
599 491 806 533 Thomam
828 491 879 532 de
903 491 1067 532 Garton
1088 493 1131 531 et
1152 489 1344 531 Alanum
1365 487 1417 529 de
1438 486 1647 539 Malteby,

130 557 321 611 ejusdem
357 557 511 599 Mon'ii
561 557 902 606 commonachos,
936 559 1233 610 procuratores
1274 567 1372 596 suos
1413 552 1647 594 literatorie

129 623 401 673 constitutos,
432 637 574 664 coram
606 623 729 664 nobis
761 622 995 672 Willelmo,
1026 621 1307 676 permissione
1337 619 1487 660 divina
1521 618 1643 659 Ebor.

129 687 365 741 Archiep'o,
388 688 559 743 Angliae
589 688 792 740 Primate,
824 687 1118 742 procuratorio
1149 687 1321 728 nomine
1343 687 1649 739 comparentes,

129 766 312 806 quorum
331 754 720 807 procuratoriorum
751 753 1080 794 subscribuntur
1110 757 1291 802 tenores,
1312 765 1356 793 se
1388 750 1648 792 ordinationi

132 822 288 860 nostrae
317 833 423 872 pure
445 822 487 860 et
517 823 669 873 sponte
701 819 1005 868 submiserunt,
1028 819 1108 859 sub
1138 818 1223 859 hiis
1254 817 1402 858 formis
1419 816 1542 857 :—In
1562 814 1646 856 Dei

132 885 304 926 nomine
334 885 486 927 Amen.
549 885 703 927 Coram
734 885 870 934 vobis,
890 884 1138 926 Venerabili
1168 884 1213 924 in
1246 883 1418 924 Christo
1448 884 1579 936 patre,
1606 885 1648 921 et

132 950 229 991 d'no
260 955 416 1001 nostro,
441 952 552 993 D'no
584 951 806 993 Willelmo
837 951 891 992 D.
922 951 970 992 G.
995 954 1086 999 etc,
1106 964 1196 999 nos,
1218 950 1369 990 fratres
1390 948 1573 988 Thomas
1595 946 1648 987 de

135 1017 297 1058 Garton
318 1021 361 1058 et
380 1017 546 1058 Alanus
569 1017 621 1058 de
642 1017 854 1070 Malteby,
875 1017 1075 1057 monachi
1097 1016 1148 1057 de
1169 1015 1332 1056 Mon'io
1353 1014 1406 1055 de
1427 1013 1648 1066 Whiteby,

132 1086 423 1135 procuratores
445 1083 688 1124 Reverendi
707 1082 789 1124 viri
811 1082 957 1123 fratris
978 1082 1151 1122 Thomae
1173 1081 1224 1122 de
1255 1080 1438 1130 Malton,
1459 1079 1644 1120 Abbatis

133 1148 239 1189 dicti
275 1149 429 1190 Mon'ii
459 1150 511 1190 de
541 1148 760 1202 Whiteby,
784 1148 863 1189 sub
896 1150 1010 1189 certa
1040 1148 1187 1197 forma,
1217 1151 1346 1201 prout
1375 1146 1419 1186 in
1452 1158 1650 1199 procura-

133 1214 241 1254 torio
263 1215 387 1255 nobis
408 1215 453 1254 in
474 1215 554 1255 hac
576 1218 696 1268 parte
727 1214 841 1255 facto
863 1217 905 1255 et
936 1226 1135 1254 concesso
1167 1212 1423 1260 continetur,
1445 1210 1652 1265 deputati,

133 1280 414 1333 personaliter
436 1280 675 1330 constituti,
697 1280 751 1320 ad
773 1280 1042 1321 debilitatem
1063 1279 1250 1333 corporis
1281 1278 1478 1333 praedicti
1507 1277 1651 1317 fratris

134 1346 317 1396 Thomae,
338 1346 533 1396 Abbatis,
554 1346 764 1387 intuitum
787 1346 1031 1400 dirigentes,
1052 1359 1100 1386 ac
1117 1345 1356 1387 utilitatem
1371 1344 1476 1386 dicti
1497 1343 1650 1384 Mon’ii

135 1416 383 1462 asserentes,
403 1413 550 1467 ipsum
571 1413 747 1453 fratrem
777 1413 984 1453 Thomam
1004 1412 1221 1453 Abbatem
1251 1411 1298 1451 in
1328 1414 1491 1452 statum
1512 1423 1650 1457 suum,

135 1478 401 1531 dignitatem,
428 1483 471 1520 et
502 1478 691 1520 officium
712 1478 896 1519 Abbatis
927 1478 1053 1531 praed.
1084 1477 1248 1527 Mon’ii,
1270 1491 1317 1518 ac
1346 1480 1488 1517 totum
1514 1476 1586 1530 jus
1609 1479 1651 1516 et

136 1545 447 1597 possessionem
478 1544 593 1598 quod
623 1547 665 1585 et
698 1558 793 1598 quae
825 1544 909 1585 sibi
939 1543 1157 1597 competit,
1189 1547 1262 1583 aut
1295 1541 1650 1596 qualitercunque

137 1613 180 1650 et
201 1623 253 1650 ex
274 1623 530 1664 quacunque
562 1624 691 1651 causa
721 1610 805 1650 sibi
837 1609 1056 1663 competit,
1076 1609 1235 1663 poterit
1265 1608 1312 1648 in
1343 1607 1491 1656 officio,
1513 1607 1652 1661 digni-

136 1679 225 1717 tate
247 1679 289 1716 et
320 1679 437 1717 statu
466 1676 653 1716 Abbatis
685 1675 791 1716 dicti
822 1675 1088 1724 Monasterii,
1119 1678 1194 1715 aut
1215 1673 1568 1728 qualitercunque
1599 1672 1653 1712 ad

138 1756 187 1783 ea
205 1756 279 1782 seu
301 1742 522 1795 quodlibet
540 1741 784 1790 eorundem,
802 1755 900 1782 cum
913 1741 1001 1782 suis
1019 1741 1346 1795 quibuscunque
1362 1738 1654 1793 pertinenciis,

139 1807 397 1848 ordinationi
419 1821 493 1849 seu
526 1807 708 1857 decreto,
729 1807 858 1848 laudo
891 1811 933 1848 et
955 1807 1082 1856 dicto,
1105 1805 1450 1861 pronuntiationi
1481 1808 1525 1846 et
1546 1803 1656 1845 diffi-

139 1874 296 1915 nitioni
326 1874 492 1924 vestris,
515 1874 624 1915 D'ne
654 1873 880 1927 Archiep'e
912 1873 1126 1927 praedicte,
1147 1872 1456 1921 submittimus,
1477 1871 1655 1925 promit-

139 1944 290 1990 tentes,
325 1940 468 1994 palam
505 1944 548 1981 et
589 1953 798 1994 expresse,
835 1939 1161 1988 ordinationem,
1195 1938 1428 1987 decretum,
1463 1936 1654 1985 laudum,

139 2007 316 2057 dictum,
336 2007 736 2061 pronuntiationem
773 2010 816 2047 et
852 2005 1155 2046 diffinitionem
1190 2007 1333 2046 vestra
1373 2004 1421 2044 in
1453 2006 1655 2044 eventum

140 2073 250 2114 velle
291 2073 540 2127 emologare,
577 2072 824 2126 approbare,
859 2075 902 2113 et
932 2071 1095 2113 eisdem
1130 2071 1372 2112 consentire
1401 2069 1574 2124 penitus
1610 2069 1655 2108 in

141 2139 347 2188 futurum,
379 2152 427 2179 ac
462 2142 616 2188 ratum,
648 2141 831 2192 gratum,
872 2141 915 2179 et
954 2137 1128 2178 firmum
1167 2136 1334 2186 habere,
1370 2135 1570 2190 perficere
1615 2138 1659 2174 et

141 2204 386 2258 adimplere,
408 2204 697 2258 procuratorio
728 2203 915 2253 nomine,
936 2202 1142 2257 quicquid
1162 2215 1250 2251 vos,
1271 2202 1400 2242 Pater
1428 2200 1657 2242 reverende

141 2270 356 2324 praedicte,
386 2270 433 2310 in
463 2269 695 2323 praemissis
727 2269 936 2309 duxeritis
968 2267 1264 2315 ordinandum,
1293 2265 1559 2306 laudandum
1581 2278 1656 2305 seu

143 2335 465 2389 quomodolibet
486 2334 811 2375 decernendum.
875 2334 929 2373 In
950 2347 982 2374 c.
1005 2346 1036 2374 r.
1058 2336 1087 2374 t.
1108 2332 1394 2385 praesentibus
1416 2331 1490 2384 sig.
1513 2334 1657 2371 nostra

145 2401 432 2455 apposuimus.
493 2400 658 2440 Datum
675 2399 789 2452 apud
802 2399 944 2452 Thorp
966 2411 1096 2451 prope
1117 2398 1253 2446 Ebor,
1275 2397 1343 2437 die
1364 2396 1519 2436 Martis
1535 2409 1653 2450 prox.

143 2469 240 2520 post
270 2466 431 2507 festum
466 2463 777 2505 Translationis
815 2464 860 2505 Β.
893 2464 1065 2504 Thomae
1096 2462 1315 2516 Martyris,
1344 2462 1395 2503 A.
1426 2462 1479 2502 D.
1512 2466 1657 2502 M⁰ccc⁰

143 2531 346 2573 vicesimo
368 2531 566 2572 secundo.

205 2597 329 2646 Item,
358 2596 405 2636 in
434 2596 519 2636 Dei
549 2595 734 2644 nomine,
764 2595 917 2635 Amen.
980 2594 1132 2635 Coram
1164 2593 1297 2642 vobis,
1328 2592 1576 2633 Venerabili
1611 2592 1656 2632 in

147 2661 317 2703 Christo
348 2666 468 2716 patre
499 2666 542 2702 et
572 2661 681 2710 d'no,
711 2660 822 2701 D'no
847 2660 1080 2709 Willelmo,
1110 2660 1162 2700 D.
1187 2659 1236 2700 G.
1259 2662 1336 2699 etc.
1396 2658 1500 2707 Nos,
1530 2658 1660 2698 frater

146 2727 327 2768 Thomas
349 2727 402 2769 de
424 2728 588 2769 Garton
609 2730 651 2768 et
672 2726 838 2767 Alanus
860 2726 912 2766 de
944 2725 1154 2779 Malteby,
1174 2723 1374 2765 monachi
1404 2723 1660 2764 Monasterii

147 2793 198 2835 de
229 2794 450 2848 Whiteby,
480 2794 780 2834 Procuratores
813 2792 1062 2833 Conventus
1093 2789 1348 2831 Monasterii
1379 2789 1431 2830 de
1451 2789 1659 2843 Whiteby

145 2859 351 2913 praedicti,
392 2859 565 2901 Ordinis
606 2859 646 2900 S.
689 2857 922 2906 Benedicti,
965 2857 1018 2897 ad
1068 2856 1181 2896 infra
1230 2855 1388 2909 scripta
1427 2854 1660 2896 literatorie

146 2924 353 2977 deputati,
393 2925 675 2979 personaliter
724 2922 963 2972 constituti,
1014 2922 1161 2962 audito
1201 2925 1245 2962 et
1287 2920 1505 2962 intellecto
1546 2921 1659 2974 quod

147 2990 400 3031 venerabilis
433 2995 475 3031 et
497 2990 738 3044 Religiosus
760 2989 837 3038 vir,
859 2989 988 3030 frater
1018 2988 1201 3029 Thomas
1233 2987 1284 3028 de
1315 2987 1492 3036 Malton,
1515 2986 1659 3027 Abbas
