1889 3221
240 352 322 389 634
484 357 847 392 CARTULARIUM
872 356 1142 390 ABBATHIAE
1165 355 1230 389 DE
1253 355 1497 389 WHITEBY.

237 469 425 523 aliquem
447 468 703 509 monachum
726 466 998 508 claustralem
1029 465 1083 507 ad
1112 465 1373 520 loquendum
1404 479 1502 506 cum
1533 463 1747 505 extraneis

237 534 429 587 personis
479 534 565 575 nisi
615 547 668 574 ex
713 546 839 573 causa
884 532 1013 586 justa,
1062 531 1253 586 legitima
1293 536 1336 572 et
1375 531 1563 572 honesta.
1635 530 1748 570 Item

236 600 481 640 inhibemus
512 599 694 653 singulis
725 598 946 639 monachis
977 598 1029 639 de
1059 597 1210 647 Domo,
1235 597 1282 637 in
1301 598 1462 638 virtute
1493 595 1749 637 obedientiae

237 669 281 706 et
302 665 380 706 sub
402 678 525 718 paena
546 663 838 718 suspensionis
860 678 884 704 a
906 663 1089 713 Divinis,
1111 677 1165 704 ne
1187 663 1410 717 spatiando
1432 666 1552 704 extra
1573 662 1749 702 Monas-

236 731 394 772 terium
416 745 515 772 cum
536 731 717 771 arcubus
739 734 783 771 et
804 730 970 783 sagittis
991 729 1203 778 incedant,
1219 733 1294 770 aut
1310 729 1405 770 aliis
1423 728 1749 782 quibuscunque

237 810 332 850 quae
353 796 570 850 religionis
592 810 679 837 non
700 799 940 849 congruunt
960 795 1184 836 honestati.
1247 795 1359 836 Item
1381 794 1524 835 Abbas
1555 796 1598 835 et
1628 792 1748 833 Prior

235 863 283 902 in
331 862 664 903 recreationibus
714 866 758 902 et
808 861 970 902 solatiis
1019 861 1324 902 monachorum
1373 859 1667 901 claustralium
1702 871 1747 899 se

236 929 424 969 habeant
464 928 781 982 circumspecte,
821 931 872 968 ut
911 927 997 968 illis
1038 927 1248 981 praecipue
1283 926 1521 967 uberiorem
1569 925 1749 979 gratiam

236 994 396 1034 faciant
432 1007 549 1047 quos,
585 993 821 1034 secundum
853 992 1119 1033 conditiones
1153 1006 1263 1042 suas,
1293 992 1427 1046 magis
1463 991 1650 1032 viderint
1681 990 1746 1030 in-

237 1060 390 1114 digere.
453 1060 567 1100 Item
587 1059 709 1099 Prior
732 1059 779 1099 in
810 1058 997 1108 ecclesia,
1018 1059 1249 1108 refectorio,
1270 1058 1525 1107 dormitorio,
1547 1060 1589 1098 et
1610 1056 1747 1097 claus-

236 1126 315 1166 tris
347 1125 506 1179 jugiter
542 1129 744 1178 sequatur
776 1124 1045 1165 Conventum
1076 1124 1160 1165 nisi
1194 1124 1241 1164 in
1274 1124 1498 1178 praesentia
1529 1123 1747 1176 hospitum

237 1191 508 1240 notabilium,
553 1190 815 1239 infirmitate,
857 1190 1132 1244 occupatione
1172 1190 1407 1231 necessaria
1448 1194 1490 1230 et
1529 1188 1630 1229 utili
1669 1202 1744 1241 pro

237 1256 420 1310 negotiis
452 1255 718 1305 Monasterii‚
750 1259 826 1296 aut
855 1255 939 1296 alia
968 1269 1094 1297 causa
1123 1255 1316 1310 legitima
1345 1255 1473 1296 fuerit
1502 1254 1746 1308 impeditus.

237 1322 350 1363 Item
366 1322 513 1362 Abbas
534 1321 579 1361 in
597 1321 798 1370 consiliis,
814 1322 1077 1371 tractatibus,
1090 1321 1329 1362 litterarum
1345 1320 1748 1375 consignationibus,

236 1392 279 1429 et
320 1388 416 1429 aliis
458 1387 600 1428 arduis
636 1387 802 1427 Domus
838 1387 1033 1441 negotiis,
1074 1387 1348 1441 antiquorum
1388 1391 1430 1428 et
1470 1387 1747 1428 discretorum

236 1467 512 1507 personarum
544 1453 611 1494 sui
643 1453 890 1494 Conventus
922 1457 1068 1494 utatur
1098 1453 1287 1502 consilio,
1307 1467 1361 1494 ne
1393 1466 1481 1494 suae
1509 1452 1749 1507 prudentiae

236 1520 457 1561 innitatur,
520 1519 632 1559 Item
649 1518 796 1559 Abbas
818 1518 929 1558 nulli
943 1518 1248 1559 monachorum
1270 1520 1337 1560 sui
1355 1519 1600 1560 Conventus
1616 1518 1748 1559 licen-

235 1585 341 1626 tiam
363 1584 567 1625 concedat
586 1584 634 1624 in
655 1584 857 1637 obsequio
888 1597 963 1625 seu
992 1584 1158 1625 familia
1185 1598 1460 1638 personarum
1481 1583 1748 1625 saecularium

237 1650 528 1692 commorandi
561 1649 652 1690 sine
685 1654 831 1690 nostra
866 1649 936 1690 vel
967 1663 1257 1691 successorum
1292 1654 1533 1691 nostrorum
1572 1649 1746 1690 licentia

237 1716 424 1770 speciali.
487 1716 600 1756 Item
637 1715 739 1769 quia
773 1716 964 1756 Domum
999 1716 1248 1769 praedictam
1277 1717 1407 1757 variis
1443 1716 1609 1766 debitis,
1644 1729 1747 1769 pen-

237 1781 784 1831 sionibus,liberationibus,
798 1784 841 1822 et
855 1782 1054 1823 corrodiis
1068 1782 1311 1823 invenimus
1324 1783 1509 1837 graviter
1522 1786 1749 1831 oneratam,

236 1847 509 1901 praecipimus
531 1850 574 1887 et
595 1847 726 1887 etiam
757 1847 1000 1888 ordinamus
1022 1848 1137 1901 quod
1166 1852 1256 1889 tam
1286 1849 1432 1889 Abbas
1453 1862 1583 1902 quam
1604 1860 1748 1889 omnes

236 1913 412 1953 officiati
441 1911 574 1952 talem
603 1912 939 1953 moderationem
971 1913 1203 1954 adhibeant
1231 1914 1278 1954 in
1308 1915 1506 1967 expensis
1527 1918 1576 1954 ut
1596 1913 1747 1954 saltem

236 1978 446 2032 paulatim
467 1977 639 2018 valeant
660 1978 712 2018 ab
735 1979 933 2018 oneribus
955 1978 1202 2032 hujusmodi
1221 1980 1435 2033 respirare.
1498 1980 1609 2020 Item
1634 1980 1748 2033 quod

237 2044 376 2084 omnis
399 2043 584 2097 pecunia
606 2043 657 2083 de
684 2043 808 2084 bonis
831 2044 1007 2094 Domus,
1029 2045 1380 2099 qualitercunque
1410 2046 1675 2099 proveniens,
1697 2046 1748 2086 ad

237 2123 389 2150 manus
430 2109 613 2149 duorum
653 2109 942 2150 bursariorum
981 2110 1028 2150 in
1062 2112 1326 2152 Monasterio
1366 2112 1644 2153 residentium
1674 2126 1749 2166 per

236 2175 449 2215 Abbatem
489 2177 532 2215 et
574 2174 858 2225 Conventum,
899 2175 968 2216 vel
1007 2177 1212 2230 majorem
1253 2180 1295 2218 et
1334 2177 1543 2219 saniorem
1583 2181 1748 2231 partem

236 2240 383 2294 ipsius,
407 2240 762 2293 deputandorum,
783 2240 1053 2295 integraliter
1073 2242 1232 2296 absque
1255 2243 1534 2285 defalcatione
1555 2243 1746 2298 qualibet

235 2306 468 2360 perveniat,
510 2309 553 2346 et
594 2320 669 2359 per
707 2307 825 2360 ipsos
865 2308 1078 2349 bursarios
1119 2309 1164 2349 in
1214 2310 1538 2351 necessitatibus
1579 2310 1745 2350 Domus

235 2372 398 2412 Abbati
438 2376 480 2412 et
521 2372 684 2413 caeteris
721 2371 917 2414 officiatis
952 2387 1001 2415 ac
1041 2373 1147 2423 aliis,
1184 2378 1308 2428 prout
1343 2375 1573 2429 expediens
1603 2376 1745 2416 visum

236 2437 375 2486 fuerit,
396 2437 611 2478 liberetur.
662 2437 719 2477 Et
740 2437 807 2487 sit,
825 2438 876 2478 de
892 2442 1052 2488 caetero,
1073 2453 1184 2481 unus
1202 2440 1437 2481 Celerarius
1455 2441 1530 2494 qui
1550 2441 1746 2482 intendat

236 2503 410 2555 agendis
433 2502 571 2555 ipsius
591 2503 758 2543 Domus
781 2504 1043 2554 extrinsecis,
1065 2505 1119 2545 ad
1140 2506 1260 2560 cujus
1286 2506 1472 2547 officium
1501 2507 1745 2559 pertineant

235 2581 284 2608 ea
305 2568 448 2608 omnia
468 2582 564 2621 quae
584 2569 638 2609 ad
659 2568 847 2609 officium
869 2570 1058 2611 Bursarii
1078 2571 1283 2613 hactenus
1304 2572 1588 2625 pertinebant,
1604 2586 1746 2625 recep-

235 2633 351 2673 tione
391 2638 433 2674 et
468 2633 723 2675 liberatione
758 2635 952 2688 pecuniae¹
992 2636 1220 2678 dumtaxat
1259 2638 1461 2691 exceptis.
1532 2638 1590 2678 Et
1628 2638 1743 2678 idem

237 2698 473 2739 Celerarius
495 2712 592 2739 cum
616 2699 866 2749 Senescallo,
887 2701 956 2742 vel
974 2701 1138 2743 Clerico
1160 2703 1197 2743 si
1217 2716 1304 2743 non
1319 2703 1450 2744 fuerit
1466 2702 1747 2752 Senescallus,

236 2776 285 2803 ac
336 2764 465 2803 etiam
515 2765 719 2818 adjuncto
771 2766 864 2815 sibi,
914 2767 952 2807 si
1002 2768 1231 2821 expediens
1280 2768 1423 2809 visum
1472 2768 1611 2817 fuerit,
1656 2782 1742 2809 uno

235 2828 441 2869 monacho
459 2834 625 2871 maturo
642 2834 684 2871 et
701 2831 895 2881 discreto,
909 2834 1026 2873 omni
1042 2847 1153 2874 anno
1169 2834 1280 2875 circa
1296 2834 1469 2883 Pascha,
1482 2834 1743 2875 circumeant

235 2892 378 2932 omnia
408 2895 597 2934 maneria
628 2895 717 2936 sive
747 2896 851 2945 loca,
882 2897 1127 2951 faciantque
1155 2898 1207 2938 de
1238 2898 1385 2947 bladis,
1406 2901 1549 2939 stauro
1570 2898 1668 2939 vivo
1699 2903 1743 2939 et

236 2961 415 3005 mortuo,
455 2962 497 2997 et
542 2959 665 2999 bonis
716 2961 1044 3015 quibuscunque
1093 2962 1217 3003 fidele
1263 2962 1552 3004 inventorium
1597 2968 1743 3005 contra

233 3022 425 3071 ballivos,
457 3023 692 3064 servientes
724 3029 766 3065 et
797 3026 1015 3067 ministros
1045 3027 1092 3067 in
1121 3027 1226 3067 locis
1257 3028 1452 3081 singulis,
1474 3029 1585 3070 facta
1617 3043 1744 3083 super
