1889 3273
348 395 707 428 CARTULARIUM
735 395 1005 428 ABBATHIAE
1030 396 1095 428 DE
1121 394 1368 427 WHITEBY.
1529 385 1607 422 383

692 554 1011 596 CCCCXXIX.

157 643 367 685 Omnibus
398 644 475 686 has
506 644 672 686 litteras
709 645 785 686 vis.
818 644 888 685 vel
920 644 1027 694 aud„
1058 643 1302 685 Wfflelmus
1333 642 1528 684 Wirfauo
1560 641 1611 682 de

99 709 352 751 Hilderwell
383 710 456 752 sal.
481 714 682 751 aeternam
713 711 759 750 in
789 711 987 751 Domino.
1051 709 1203 751 Sciatis
1239 722 1307 749 me
1340 708 1391 758 d.,
1412 721 1539 757 00110,
1570 710 1612 748 et

98 775 177 817 hac
207 790 325 830 praes.
349 791 381 818 0.
404 790 498 818 mea
530 777 636 818 conf.
661 790 736 830 pro
759 790 789 818 s.
812 776 965 817 animae
995 789 1101 817 meae
1123 779 1164 816 et
1186 779 1387 816 antecess.
1410 787 1613 822 meorum,

98 842 191 883 Deo
213 846 256 883 et
277 843 390 884 Eccl.
414 844 460 884 B.
484 843 599 883 Petri
622 846 664 883 et
688 842 726 883 S.
750 842 895 882 Hildae
928 842 979 882 de
1000 841 1222 896 Whiteby,
1243 845 1286 882 et
1307 840 1499 894 ejusdem
1529 839 1613 879 1001

98 908 261 949 Abbati
293 913 335 949 et
367 909 511 957 Conv„
534 908 638 949 duas
670 908 762 948 bov.
785 909 873 948 t'rae
903 909 949 947 in
979 907 1155 947 t’ritorio
1193 907 1244 947 de
1278 905 1612 946 Hilderwella—

98 974 194 1015 illas
225 974 314 1016 scil.
347 975 440 1016 bov.
472 975 559 1015 t'rae
582 988 676 1028 quae
702 975 849 1028 jacent
879 974 1204 1027 propinquiores
1236 977 1416 1026 quatuor
1446 971 1613 1012 bovatis

98 1041 185 1081 t'rae
216 1054 321 1094 quas
355 1041 573 1090 Osbertus,
594 1045 715 1094 pater
745 1053 877 1089 meus,
899 1040 1017 1080 dedit
1045 1039 1171 1093 praed.
1203 1039 1315 1080 Eccl.
1348 1051 1495 1079 versus
1526 1051 1613 1078 me-

98 1106 262 1155 ridiem,
279 1119 377 1146 cum
389 1106 498 1147 tofto
522 1110 565 1147 et
586 1106 733 1155 orosto,
751 1104 863 1159 (36¹³)
882 1119 976 1159 quae
992 1106 1139 1159 jacent
1160 1105 1272 1146 inter
1292 1105 1414 1145 t'ram
1434 1103 1614 1144 Walteri

99 1172 150 1213 de
173 1172 378 1213 Brottona
399 1176 442 1213 et
464 1172 648 1213 Galsridi
670 1172 722 1213 de
739 1171 950 1225 Everley,1
982 1186 1080 1212 cum
1097 1185 1207 1212 omn.
1225 1170 1502 1225 pertinenciis
1525 1170 1613 1210 suis

100 1238 379 1279 —Tenendas
414 1242 456 1279 et
485 1238 700 1279 habendas
733 1238 860 1279 dictis
891 1238 1055 1278 Abbati
1085 1241 1127 1279 et
1159 1238 1289 1280 Conv.
1323 1237 1407 1285 lib,
1440 1236 1613 1290 integre,

102 1304 245 1359 quiete
268 1309 311 1346 et
332 1304 482 1354 solute,
504 1319 602 1345 oum
634 1305 831 1346 omnibus
862 1308 965 1358 pert.
990 1305 1091 1354 suis,
1113 1304 1384 1345 libertatibus
1416 1307 1458 1344 et
1489 1303 1612 1343 aisia-

99 1372 255 1412 mentis
276 1372 387 1412 infra
408 1385 445 1412 v.
469 1376 511 1412 et
532 1375 663 1421 extra,
685 1385 814 1425 prope
837 1376 878 1412 et
899 1371 1060 1425 procul,
1081 1371 1127 1411 in
1150 1371 1347 1412 omnibus
1370 1373 1411 1411 et
1442 1370 1614 1423 ubique,

99 1438 146 1478 in
180 1437 266 1487 lib,
301 1451 405 1491 pur„
442 1437 525 1491 qui.
559 1442 603 1478 et
637 1451 753 1491 perp.
786 1437 920 1486 elem,
961 1437 1052 1478 sine
1084 1437 1200 1477 omni
1232 1436 1539 1490 impedimento
1572 1439 1614 1475 et

99 1507 402 1545 retenemento.
463 1504 519 1544 Et
550 1517 624 1557 ego
656 1503 904 1544 Willelmus
937 1508 979 1544 et
1010 1503 1107 1544 haer.
1130 1503 1215 1543 mei
1236 1502 1362 1556 praed.
1391 1502 1483 1542 bov.
1515 1501 1613 1550 t'rae,

101 1583 199 1611 cum
221 1569 333 1610 dicto
354 1569 462 1610 tofto
486 1573 527 1610 et
549 1569 694 1619 crofto,
716 1583 814 1610 cum
834 1572 940 1623 pert.
963 1569 1063 1618 suis,
1085 1569 1211 1609 dictis
1236 1568 1396 1608 Abbati
1417 1572 1459 1608 et
1482 1567 1611 1608 Conv.

100 1636 147 1676 in
176 1635 262 1685 lib.,
282 1649 384 1689 pur„
406 1649 475 1689 qu,
498 1641 540 1676 et
561 1649 675 1689 perp.
699 1635 974 1676 elemosinam
996 1648 1027 1676 0.
1051 1649 1085 1676 o.
1108 1635 1147 1675 h.
1171 1638 1212 1676 et
1234 1635 1260 1676 f.
1283 1648 1378 1674 war.
1402 1637 1444 1674 et
1467 1633 1547 1673 def.
1570 1637 1612 1673 et

101 1701 444 1755 adquietabimus
475 1701 802 1754 imperpetuum.
865 1702 921 1741 Et
945 1705 994 1741 ut
1014 1701 1105 1741 haec
1126 1714 1221 1742 mea
1244 1700 1417 1741 donatio
1447 1703 1540 1740 rata
1571 1704 1614 1740 et

101 1767 246 1821 quieta
291 1767 542 1821 stabilisque
582 1772 831 1820 permaneat
881 1767 1207 1821 imperpetuum,
1250 1780 1368 1821 praes.
1417 1780 1491 1807 scr.
1539 1766 1613 1820 sig.

101 1846 245 1874 meum
266 1832 456 1888 apposui.
517 1833 617 1874 Hiis
639 1833 832 1874 testibus.
866 1867 873 1874 .
907 1867 914 1874 .
948 1867 955 1875 .

711 1949 1003 1990 CCCCXXX.

162 2040 309 2081 Sciant
329 2053 488 2090 omnes,
510 2045 598 2081 tam
619 2054 678 2094 pr.
702 2054 831 2094 quam
853 2041 943 2089 fut,
961 2040 1076 2093 quod
1098 2053 1185 2094 ego,
1201 2040 1383 2081 Thomas
1399 2040 1551 2090 Welle,
1573 2043 1615 2081 et

102 2105 243 2147 Alicia
273 2120 381 2147 uxor
410 2119 516 2156 mea,
546 2120 622 2160 pro
654 2106 726 2147 sal.
760 2106 999 2147 animarum
1033 2109 1286 2156 nostrarum,
1317 2106 1614 2155 concessimus,

104 2172 194 2213 ded.
209 2175 252 2213 et
272 2171 351 2213 hac
373 2186 431 2226 pr.
448 2186 479 2213 0.
495 2177 640 2213 nostra
661 2172 769 2214 conf.
786 2173 878 2213 Deo
902 2176 944 2213 et
964 2172 1077 2213 Eccl.
1093 2172 1131 2213 S.
1151 2172 1268 2213 Petri
1286 2176 1327 2212 et
1345 2172 1383 2212 S.
1398 2172 1544 2213 Hildae
1563 2173 1614 2213 de

103 2237 322 2291 Whiteby,
336 2242 378 2279 et
398 2238 562 2279 Abbati
583 2242 626 2280 et
647 2241 735 2292 mo(
742 2251 762 2291 3
769 2238 964 2292 7)nachis
981 2238 1082 2279 ibid.
1097 2238 1190 2279 Deo
1207 2238 1492 2279 servientibus
1510 2239 1614 2279 duas

102 2317 220 2344 acras
240 2304 329 2344 t'rae
350 2304 523 2345 arabilis
554 2304 601 2344 in
630 2304 810 2345 t'ritorio
842 2304 893 2345 de
925 2303 1215 2352 Hilderwella‚
1238 2317 1335 2344 011111
1367 2317 1478 2344 011111.
1509 2308 1614 2357 pert.

102 2368 213 2409 infra
245 2383 282 2410 v.
318 2374 362 2410 et
397 2369 673 2410 extra—illas
707 2370 793 2410 scil.
818 2383 912 2423 quae
928 2370 1076 2423 jacent
1106 2370 1219 2410 inter
1248 2370 1371 2409 t'ram
1401 2369 1532 2409 Alani
1564 2370 1615 2410 de

105 2434 267 2475 Cotona
298 2438 341 2475 et
370 2435 492 2475 t'ram
522 2435 701 2490 Agnetis
738 2435 888 2475 sororis
920 2434 1300 2475 siiae—Habendas
1337 2438 1379 2475 et
1409 2435 1616 2475 tenendas

102 2500 190 2541 iHis
220 2500 266 2540 in
297 2500 380 2550 lib„
411 2514 501 2554 pur.
525 2505 566 2542 et
596 2515 710 2555 perp.
743 2500 1027 2541 elemosinam.
1088 2500 1178 2541 Nos
1212 2514 1311 2541 vero
1343 2500 1478 2542 dictas
1510 2501 1614 2542 duas

105 2579 220 2606 acras
250 2566 340 2606 t'rae
370 2566 473 2606 adeo
504 2580 608 2620 pure
631 2570 673 2606 et
695 2566 834 2607 solute
866 2565 1062 2606 dedimus
1083 2565 1298 2619 praedictis
1329 2565 1533 2606 Ecclesiae
1564 2566 1616 2606 de

103 2631 323 2685 Whiteby,
343 2630 507 2672 Abbati
538 2636 580 2672 et
612 2631 856 2672 Conventui
888 2631 1079 2684 ejusdem
1100 2631 1194 2680 loci,
1216 2632 1329 2685 quod
1351 2631 1484 2673 nichil
1514 2632 1615 2672 inde

103 2697 227 2738 nobis
257 2697 490 2738 retinemus
513 2698 598 2738 nisi
621 2697 913 2738 defensionem
944 2701 987 2738 et
1017 2697 1418 2739 warantizationem.
1480 2698 1536 2738 Et
1567 2701 1616 2737 ut

102 2761 193 2802 haec
214 2765 360 2803 nostra
381 2762 554 2803 donatio
584 2766 840 2816 perpetuum
861 2762 989 2802 robur
1019 2763 1210 2816 optineat
1231 2776 1351 2816 praes.
1374 2777 1450 2804 sor.
1474 2763 1616 2817 sigilla

104 2831 247 2868 nostra
268 2829 555 2882 apposuimus.
616 2829 716 2869 Hiis
737 2828 932 2869 testibus.
965 2860 972 2869 .
1005 2860 1013 2869 .
1046 2861 1054 2870 .

151 2917 162 2938 ¹
190 2918 369 2951 Galfridus
397 2919 441 2951 de
470 2919 623 2962 Everley
647 2919 676 2952 is
704 2919 905 2952 co-witness
931 2919 1020 2951 with
1046 2919 1142 2952 Will.
1177 2920 1221 2952 de
1250 2919 1410 2962 Everley,
1442 2919 1543 2952 d’nus
1570 2920 1613 2952 de

106 2973 342 3016 Ugelbardby,
368 2976 406 3006 to
431 2974 498 3009 No.
519 2976 574 3014 24,
593 2986 614 3006 a
640 2974 841 3007 coneession
870 2974 917 3016 by
939 2974 1061 3007 Abbot
1085 2975 1243 3007 William
1268 2985 1324 3008 111.
1347 2975 1401 3016 (de
1427 2975 1613 3014 Kirkham)

105 3028 184 3060 who
202 3029 284 3060 died.
301 3029 338 3060 in
359 3030 458 3063 1304.
