1889 3221
275 327 353 363 656
516 333 877 367 OARTULARIUM
904 333 1172 366 ABBATHIAE
1199 334 1261 366 DE
1287 333 1534 366 WHITEBY.

270 451 513 505 frequentes
544 451 786 492 invasiones
819 451 1041 492 Scotorum
1071 450 1306 505 plurimum
1337 452 1424 492 sint
1454 451 1681 501 destructa,
1711 465 1785 505 per

272 518 384 571 quod
427 518 480 558 ad
523 517 731 558 decimam
772 517 894 558 nobis
935 530 1010 570 per
1052 517 1225 558 Olerum
1265 520 1414 558 vestrae
1455 517 1691 558 Provinciae
1733 518 1783 558 de

272 584 394 624 bonis
425 583 513 624 suis
545 582 844 624 ecclesiasticis
872 583 961 636 jam
994 596 1236 624 concessam
1267 584 1388 624 nobis
1415 583 1542 637 juxta
1563 583 1783 637 antiquam

270 650 535 691 taxationem
566 649 852 702 praestandam
882 662 968 688 non
997 648 1225 698 sufficiunt,
1257 649 1370 690 sicut
1400 649 1569 697 dicitur,
1600 649 1782 689 velimus

272 715 477 756 beneficia
498 715 610 755 sicut
630 715 847 755 destructa
864 714 916 755 de
937 728 1047 755 novo
1069 714 1219 764 taxari,
1235 718 1278 755 et
1293 714 1502 755 decimam
1518 715 1645 768 juxta
1665 718 1784 755 taxa-

268 781 430 822 tionem
447 781 568 821 illam
584 780 719 821 levari
736 780 871 821 facere
889 780 941 820 ad
958 794 1065 834 opus
1082 785 1275 821 nostrum
1291 781 1462 829 1-Nos‚
1480 780 1785 834 supplicationi

269 847 483 900 praedictae
504 847 550 886 in
572 846 651 887 hac
672 850 792 900 parte
815 846 1107 887 favorabiliter
1129 850 1378 895 annuentes,
1395 846 1515 887 vobis
1532 846 1783 887 mandamus

272 912 386 966 quod
427 912 591 965 aliquos
633 912 746 952 viros
788 911 1022 965 fidedignos
1064 911 1118 952 ad
1168 911 1531 964 supervidendum
1580 911 1784 952 beneficia

271 977 474 1031 praedicta
495 977 556 1018 sic
578 977 806 1025 destructa,
829 980 872 1017 et
893 976 947 1017 ad
969 976 1118 1017 eadem
1148 977 1355 1017 beneficia
1375 990 1469 1030 quae
1491 977 1543 1017 ab
1565 977 1783 1018 occasione

272 1043 492 1097 praemissa
541 1046 689 1083 taxata
738 1056 826 1082 non
876 1042 1049 1091 fuerint,
1110 1042 1347 1083 secundum
1398 1056 1547 1083 verum
1597 1043 1784 1083 valorem

272 1108 504 1150 eorundem
526 1108 577 1149 de
599 1121 731 1148 novos
753 1108 941 1148 taxanda
963 1108 1213 1161 assignetis:
1254 1108 1316 1148 ita
1347 1108 1461 1161 quod
1492 1107 1657 1148 decima
1683 1108 1784 1149 inde

268 1175 394 1228 juxta
434 1173 612 1215 eandem
652 1173 919 1214 taxationem
959 1173 1093 1213 levari
1141 1173 1276 1226 possit
1326 1173 1380 1213 ad
1429 1186 1535 1226 opus
1580 1177 1784 1224 nostrum,

273 1245 315 1281 et
336 1240 450 1281 facta
470 1239 687 1280 taxatione
707 1238 921 1292 praedicta,
952 1239 1251 1279 Thesaurarios
1274 1242 1316 1279 et
1338 1239 1525 1280 Barones
1546 1242 1711 1280 nostros
1733 1239 1784 1280 de

273 1305 491 1347 Scaccario
521 1304 621 1345 inde
651 1304 841 1345 reddatis
873 1304 953 1345 sub
986 1304 1127 1358 sigillo
1160 1308 1302 1345 vestro
1333 1304 1536 1345 distincte
1567 1309 1609 1345 et
1640 1310 1784 1358 aperte

273 1371 480 1412 certiores.
562 1370 684 1411 Teste
734 1369 906 1423 meipso.
977 1370 1109 1423 Apud
1159 1369 1489 1423 Northampton,
1539 1370 1675 1410 xxviw
1715 1371 1784 1412 die

272 1436 445 1490 Aprilis,
466 1436 525 1476 ΑΟ
545 1435 664 1489 regni
685 1435 821 1475 nostri
841 1435 900 1476 ii0.

331 1502 538 1552 Quocirca
569 1515 646 1542 nos
687 1500 897 1554 quosdam
931 1500 1045 1541 viros
1086 1499 1333 1555 fidedignos,
1370 1500 1494 1542 videl.
1547 1501 1784 1542 Dominum

274 1568 506 1609 Ricardum
557 1567 609 1608 de
660 1566 933 1620 Grymeston,
984 1566 1209 1606 Rectorem
1258 1566 1356 1607 eccl.
1409 1567 1460 1608 de
1511 1567 1784 1622 Siterington,

272 1635 431 1674 M'rum
467 1632 745 1686 Radulphum
782 1632 834 1673 de
868 1631 1090 1680 YarevveH,
1128 1632 1352 1673 Rectorem
1388 1632 1485 1673 eccl.
1523 1633 1575 1674 de
1617 1634 1783 1683 Cotum,

271 1703 426 1741 nostrae
459 1699 684 1748 dioceseos,
718 1698 877 1738 M'rum
897 1697 1168 1739 Willelmurn
1198 1697 1250 1739 de
1281 1698 1537 1751 Langetona,
1559 1699 1784 1748 Clericum‚

272 1766 327 1807 ad
348 1764 710 1819 supervidendum
731 1763 994 1804 Abbathiam
1017 1763 1068 1804 de
1089 1777 1173 1817 qua
1200 1763 1487 1817 praemittitur,
1508 1768 1551 1805 et
1581 1765 1785 1806 beneficia

273 1831 326 1872 ad
348 1844 440 1871 eam
457 1829 694 1883 spectantia
710 1842 784 1882 per
800 1829 1044 1882 frequentes
1061 1828 1304 1869 invasiones
1321 1829 1542 1870 Scotorum
1558 1830 1784 1881 destructa,

274 1900 317 1936 et
337 1896 391 1936 ad
412 1895 560 1936 eadem
581 1894 797 1943 beneficia,
819 1907 914 1947 quae
944 1894 996 1934 ab
1028 1894 1246 1934 occasione
1276 1895 1493 1946 praemissa
1522 1899 1667 1936 taxata
1697 1910 1784 1937 non

273 1960 444 2009 fuerint,
466 1959 703 2000 secundum
727 1972 877 1998 verum
902 1958 1090 1998 valorem
1122 1958 1354 1999 eorundem
1375 1959 1426 1999 de
1457 1973 1568 2000 novo
1598 1962 1786 2002 taxanda

273 2025 609 2079 assignavimus:
641 2024 725 2073 Qui
747 2023 921 2077 quidem
952 2023 1151 2077 Magistri
1181 2023 1433 2077 Radulphus
1465 2028 1507 2064 et
1528 2025 1784 2076 Willelmus,

273 2092 475 2146 praedicto
515 2091 625 2131 D'no
667 2089 846 2130 Ricardo
886 2089 934 2129 in
973 2088 1053 2129 hac
1088 2091 1208 2142 parte
1244 2102 1287 2129 se
1322 2089 1512 2130 totaliter
1541 2095 1782 2141 excusante,

274 2160 477 2199 taxarunt
525 2155 732 2196 beneficia
782 2153 1012 2195 Abbathiae
1054 2153 1106 2194 de
1146 2153 1354 2208 Whiteby
1392 2154 1615 2208 praedictae,
1655 2156 1782 2198 videl.

274 2223 497 2265 ecclesiam
547 2221 600 2262 de
641 2220 850 2273 Whiteby
890 2219 944 2260 ad
989 2219 1124 2259 xxxiv
1164 2233 1338 2268 marcas,
1379 2219 1476 2261 eccl.
1518 2220 1569 2261 de
1620 2221 1781 2261 Sneton

272 2289 325 2330 ad
354 2303 382 2330 v
413 2288 550 2337 m'cas,
582 2286 679 2328 eccl.
715 2286 767 2327 de
799 2285 956 2339 Filyng
986 2285 1040 2325 ad
1070 2285 1132 2325 xii
1163 2285 1302 2334 m'cas,
1334 2284 1429 2326 eccl.
1463 2285 1514 2325 de
1545 2285 1782 2340 Hakenays

274 2355 328 2395 ad
378 2354 482 2394 xxiv
526 2353 667 2401 m'cas,
718 2351 814 2392 eccl.
863 2351 915 2392 de
966 2351 1113 2391 Semar
1162 2351 1216 2391 ad
1266 2351 1312 2390 xl
1354 2351 1492 2400 m'cas,
1543 2351 1781 2404 portionem

274 2419 464 2473 ejusdem
514 2416 742 2458 Abbathiee
790 2416 836 2456 in
888 2416 1036 2456 eadem
1088 2416 1142 2456 ad
1196 2416 1304 2456 xxiii
1359 2416 1431 2457 sol.
1488 2416 1553 2456 iiii
1583 2417 1634 2466 d.‚
1685 2431 1781 2471 por—

274 2485 436 2525 tionem
486 2482 617 2536 ejusd.
664 2482 710 2521 in
761 2481 859 2522 eccl.
906 2481 958 2521 de
993 2480 1205 2521 Foxholes
1255 2481 1308 2521 ad
1348 2481 1475 2523 xiiis.
1511 2481 1576 2522 iiii
1592 2482 1646 2532 d.‚
1685 2496 1780 2536 por-

273 2551 434 2590 tionem
469 2548 599 2602 ejusd.
637 2547 682 2587 in
716 2547 816 2589 eccl.
845 2546 896 2586 de
927 2546 1151 2587 Nafferton
1171 2546 1223 2586 ad
1245 2560 1334 2586 xxx
1351 2559 1394 2596 s.‚
1425 2546 1676 2600 temporalia
1705 2560 1781 2587 sua

275 2615 328 2655 ad
358 2614 382 2654 1.
419 2613 562 2662 libras,
596 2616 725 2665 prout
759 2625 835 2665 per
869 2611 1049 2652 istorum
1081 2611 1358 2652 certificatum
1391 2611 1505 2664 quod
1539 2625 1613 2652 vos
1643 2615 1778 2653 trans-

274 2680 486 2720 mittimus
521 2677 802 2731 praesentibus
843 2690 1058 2717 annexum
1093 2676 1250 2729 poterit
1286 2689 1496 2729 apparere,
1532 2680 1580 2716 ut
1616 2676 1780 2717 decima

274 2745 384 2784 D'no
423 2746 567 2784 nostro
608 2742 712 2796 Regi
754 2754 953 2782 concessa
990 2744 1032 2782 et
1067 2741 1347 2794 imposterum
1382 2740 1649 2781 concedenda
1679 2741 1778 2781 inde

274 2809 405 2850 levari
425 2808 559 2862 possit
580 2808 633 2848 ad
647 2820 752 2860 opus
775 2820 909 2848 suum.
963 2806 1099 2860 Super
1114 2819 1196 2859 quo
1213 2819 1287 2846 vos
1304 2806 1429 2859 juxta
1445 2805 1622 2845 formam
1639 2805 1778 2846 brevis

272 2873 439 2927 praefati
459 2872 675 2912 reddimus
707 2872 786 2912 sub
813 2871 952 2925 sigillo
984 2875 1126 2912 nostro
1157 2871 1280 2924 plene
1313 2870 1519 2911 certiores.
1581 2870 1614 2910 F
1617 2870 1779 2911 eliciter

276 2938 320 2977 in
342 2937 452 2981 D’no
474 2935 661 2976 valeatis.
