1889 3221
259 323 340 361 682
502 332 864 366 OARTULARIUM
891 333 1158 366 ABBATHlAE
1185 334 1249 366 DE
1273 334 1520 366 WHITEBY.

253 440 338 494 ipsi
359 441 406 482 R.
430 442 481 483 de
502 442 704 483 Witevile
735 442 833 483 dedi
863 442 1165 497 Langlesetorp
1187 448 1229 484 et
1252 443 1425 485 Cercebi
1451 448 1493 485 et
1514 441 1707 492 Mildebi,
1730 444 1772 483 et

254 507 476 548 servitium
497 507 626 548 Liulfi
648 508 699 548 de
720 508 797 549 t’ra
820 508 870 550 de
893 509 1100 550 Graston:
1133 509 1352 550 Willelmo
1377 509 1465 550 filio
1486 508 1654 550 Warini
1676 507 1773 548 dedi

253 572 439 614 Tornton
461 587 558 615 cum
588 574 653 614 iiii
684 588 761 615 car.
784 578 916 624 terrae,
938 578 980 616 et
1011 589 1108 616 cum
1139 575 1384 617 hominibus
1407 576 1482 629 qui
1502 576 1549 616 :in
1570 576 1631 617 eis
1660 579 1772 625 sunt,

252 644 424 693 propter
459 639 555 681 illas
593 640 698 681 duas
740 654 817 682 car.
860 641 949 682 t'rae
990 644 1033 682 et
1069 641 1291 683 dimidiam
1327 655 1431 696 quas
1472 642 1565 695 ipse
1605 641 1773 683 reddidi

251 704 508 747 Elemosinae
541 706 578 747 S.
614 706 730 748 Petri
763 710 805 748 et
842 707 1009 748 Sarloni
1045 708 1264 749 monacho.
1337 707 1494 748 Raulfo
1531 707 1582 748 de
1615 707 1772 748 Pavele

251 771 417 812 reddidi
438 776 573 813 totam
590 773 713 813 t'ram
736 786 857 814 suam
871 777 913 814 et
929 773 1157 827 pecuniam
1174 773 1300 814 sicuti
1324 787 1372 815 ea
1387 773 1540 814 melius
1554 772 1770 813 habuerat.

253 836 410 879 Raulfo
446 838 499 879 de
536 839 651 880 Buce
684 839 851 880 reddidi
893 853 1014 880 suam
1055 844 1222 880 terram.
1295 840 1456 881 Wence
1492 852 1613 880 suam
1648 839 1771 879 t'ram

251 903 418 944 reddidi
439 904 550 945 sicut
571 918 668 946 eum
691 905 886 946 saisitum
907 905 1066 947 inveni.
1127 906 1161 945 F
1163 905 1249 946 iliis
1273 905 1435 946 Anneis
1457 904 1624 946 reddidi
1648 904 1770 944 t'ram

251 970 384 1022 patris
420 971 488 1011 sui
519 975 569 1012 ut
605 975 782 1012 teneant
817 971 938 1012 illam
969 972 1047 1012 sub
1079 971 1263 1026 Hugone
1295 971 1346 1013 de
1378 971 1583 1024 Rampzm,
1615 973 1657 1011 et
1687 969 1771 1023 ipsi

252 1035 428 1090 Hugoni
450 1036 547 1078 dedi
568 1037 600 1077 ii
622 1051 701 1078 car.
724 1041 848 1078 terrae
869 1037 915 1078 in
937 1037 1103 1078 Circebi
1124 1037 1170 1078 in
1192 1038 1402 1079 escambio
1424 1037 1499 1078 ubi
1529 1037 1620 1090 ipse
1641 1036 1770 1076 aliam

250 1114 371 1142 suam
402 1102 524 1143 t'ram
553 1102 749 1144 habebat.
811 1103 978 1144 Britoni
1009 1103 1175 1144 reddidi
1205 1104 1327 1144 t'ram
1359 1117 1480 1144 suam
1502 1102 1553 1143 de
1575 1101 1695 1143 Smid
1726 1105 1769 1143 et

250 1168 475 1221 pecuniam
507 1182 627 1210 suam
660 1183 789 1223 quam
819 1169 911 1223 ipse
941 1173 1177 1211 monstrare
1207 1169 1396 1224 potuerit
1427 1169 1540 1223 quod
1570 1168 1769 1222 perdidit.

250 1234 307 1274 Et
334 1238 382 1275 tu
403 1235 633 1285 Willelme‚
665 1236 795 1277 frater
826 1249 956 1285 1115115,
978 1236 1108 1277 redde
1131 1236 1306 1277 Giraldo
1338 1235 1599 1277 escambium
1631 1248 1768 1284 suum,

250 1305 292 1341 et
329 1302 540 1343 Burnulfo
577 1316 727 1343 nemus
769 1316 896 1343 suum
932 1302 983 1344 de
1020 1303 1228 1344 Stantona
1263 1307 1305 1343 et
1340 1302 1524 1343 Unfrido
1560 1301 1768 1355 Hastings

249 1367 371 1408 t'ram
402 1381 523 1409 suam
546 1368 598 1409 (15
620 1368 851 1409 Noteherst
872 1382 1001 1422 quam
1023 1369 1114 1422 ipse
1145 1369 1185 1409 N
1190 1369 1250 1423 1ςο
1272 1368 1479 1417 servabat,
1500 1372 1543 1409 et
1573 1367 1767 1408 Bussello

249 1433 301 1474 de
337 1434 600 1475 Landeforde
635 1435 650 1475 i
683 1438 934 1476 carucatam.
1017 1436 1187 1476 Terram
1223 1434 1274 1476 de
1308 1433 1534 1475 Landeleie
1565 1447 1659 1487 quae
1684 1433 1768 1473 fuit

249 1500 453 1541 Rannulfi
506 1501 557 1542 de
614 1501 877 1542 Laudeforde
929 1501 1025 1542 volo
1080 1505 1131 1542 ut
1182 1501 1334 1543 reddas
1388 1514 1481 1542 55111
1528 1499 1765 1540 haeredibus

249 1566 452 1607 Rannulfi
474 1566 511 1608 si
541 1580 635 1608 eam
664 1567 949 1621 requisierint.
1011 1567 1106 1608 Hoc
1139 1567 1400 1609 escambium
1422 1566 1536 1620 quod
1563 1579 1636 1620 ego
1668 1564 1767 1606 dedi

248 1632 432 1673 Ricardo
470 1632 521 1674 de
562 1633 793 1674 Davidvile
828 1633 873 1673 in
910 1632 1112 1674 Frethebi
1147 1636 1282 1674 totam
1317 1633 1387 1687 p't'
1418 1632 1480 1673 vii
1514 1632 1765 1672 bovatarum

248 1712 354 1752 quas
375 1698 538 1740 Alured
558 1703 687 1749 tenet,
710 1703 752 1740 et
772 1699 819 1739 in
840 1699 966 1740 Alebi
988 1699 1036 1739 iii
1058 1704 1275 1740 carucatas
1293 1703 1336 1740 et
1357 1698 1580 1739 dimidiam
1601 1700 1643 1738 et
1664 1697 1763 1737 dim.

246 1764 470 1817 bovatam;
501 1769 544 1806 et
564 1765 755 1806 Waltero
777 1765 829 1806 de
854 1765 1005 1806 Insula
1026 1765 1208 1819 Aletorp
1231 1765 1282 1806 de
1314 1764 1465 1805 Insula
1485 1764 1532 1804 in
1554 1763 1764 1804 escambio

247 1834 371 1871 terrae
402 1844 499 1872 suae.
560 1831 617 1871 Et
646 1834 707 1881 tu,
727 1830 960 1880 Willelme,
990 1831 1120 1872 frater
1149 1844 1282 1880 meus,
1312 1830 1441 1871 redde
1472 1829 1687 1871 Rodberto
1712 1828 1764 1869 de

248 1895 436 1937 Walvile
469 1929 476 1937 .
510 1929 518 1938 .
552 1929 560 1938 .
592 1930 599 1937 .
633 1896 686 1937 5(1
722 1896 869 1937 valens
907 1896 960 1937 ad
995 1897 1229 1938 terminum
1266 1910 1403 1946 51111111,
1439 1900 1482 1937 et
1515 1909 1601 1937 non
1636 1894 1766 1935 faciat

246 1961 473 2002 servitium
493 1974 716 2015 quousque
736 1961 816 2003 hoc
837 1962 1003 2012 habeat,
1025 1962 1110 2003 nisi
1129 1975 1205 2016 pro
1227 1962 1243 2002 i
1262 1961 1410 2003 milite.

357 2111 705 2152 DOXXXVIII.
739 2111 966 2165 (Dugdale,
987 2111 1104 2153 Mon.
1126 2125 1165 2153 V.
1186 2124 1225 2165 p.
1250 2114 1344 2153 515.
1377 2111 1506 2152 Num.
1529 2111 1651 2165 xxii.)

696 2192 985 2234 GENEALOGIA
1006 2193 1321 2235 PEchioRUM.1

304 2281 549 2323 W'Villelmus
590 2282 642 2324 de
682 2283 828 2337 Percy,
865 2284 1004 2325 dictus
1045 2298 1122 2326 ove
1161 2284 1260 2339 le[s]
1297 2298 1520 2339 gernouns,
1555 2285 1676 2326 venit
1715 2286 1762 2326 in

246 2347 449 2402 Angliam
480 2362 578 2390 cum
610 2349 911 2403 Conquestore,
939 2354 981 2391 et
1011 2349 1103 2404 ipse
1133 2351 1281 2404 genuit
1311 2350 1502 2392 Alanum
1533 2351 1584 2392 de
1615 2352 1762 2406 Percy,

247 2414 464 2468 sepultum
484 2415 599 2469 apud
623 2415 862 2471 Radynges.
923 2416 990 2457 De
1011 2416 1152 2457 Α15110
1183 2417 1388 2471 processit
1407 2417 1666 2467 Willelmus‚
1687 2418 1762 2472 qui

246 2480 420 2534 quidem
455 2480 700 2523 Willelmus
740 2482 941 2523 fundavit
979 2482 1213 2524 Abbatiam
1254 2483 1306 2524 de
1347 2483 1502 2538 Sallay,
1537 2488 1580 2525 et
1614 2484 1763 2539 genuit

293 2577 306 2598 ¹
330 2578 415 2611 This
438 2578 468 2611 is
491 2589 556 2611 one
581 2579 618 2612 of
641 2579 740 2612 three
766 2580 907 2613 ancient
931 2580 1148 2623 genealogies
1174 2581 1210 2613 of
1233 2581 1295 2614 the
1321 2581 1450 2624 Percys
1466 2581 1582 2614 which
1607 2593 1700 2615 seem
1725 2585 1763 2615 to

244 2633 346 2665 claim
364 2645 384 2666 a
400 2634 497 2676 place
514 2645 640 2678 among
657 2635 719 2667 the
737 2635 838 2667 other
855 2635 1061 2668 documents
1080 2637 1273 2669 connected
1289 2636 1378 2669 with
1394 2637 1455 2669 the
1473 2637 1550 2669 first
1574 2640 1674 2680 great
1695 2638 1763 2671 Re-

243 2689 367 2731 ligious
386 2689 505 2722 House
522 2690 679 2722 founded
695 2690 745 2732 by
762 2702 826 2723 one
844 2691 881 2723 of
905 2691 1012 2730 them,
1032 2691 1103 2723 and
1120 2692 1148 2724 it
1165 2692 1194 2723 is
1212 2691 1432 2724 remarkable
1449 2703 1486 2724 as
1503 2691 1617 2735 being*
1628 2693 1763 2735 mainly

244 2746 387 2784 correct,
406 2755 444 2776 so
462 2745 516 2776 far
532 2756 569 2777 as
586 2745 616 2777 it
633 2756 724 2788 goes.
775 2746 850 2778 The
875 2757 969 2778 same
987 2749 1116 2779 cannot
1140 2746 1183 2779 be
1208 2747 1283 2779 said
1301 2747 1337 2778 of
1361 2747 1474 2779 either
1492 2747 1528 2778 of
1552 2747 1613 2779 the
1632 2748 1759 2787 others,

245 2798 323 2837 and,
342 2810 431 2831 were
448 2799 477 2832 it
494 2803 557 2833 not
574 2800 628 2832 for
644 2800 707 2833 the
723 2801 932 2833 marvellous
950 2802 1226 2834 contradictions
1244 2802 1409 2834 involved
1425 2802 1463 2833 in
1480 2801 1539 2834 old
1556 2802 1762 2835 documents

243 2853 383 2896 dealing
399 2854 486 2886 with
505 2855 566 2887 the
584 2855 723 2888 ancient
743 2855 882 2898 history
900 2857 936 2888 of
960 2856 1021 2888 the
1040 2857 1177 2898 Abbey,
1196 2868 1233 2889 as
1251 2857 1358 2889 noted
1375 2857 1412 2888 in
1430 2856 1491 2888 the
1509 2856 1761 2899 Introductory

243 2908 425 2949 Chapters,
449 2909 517 2940 ancl
535 2909 589 2941 for
606 2910 667 2942 the
684 2911 760 2942 still
777 2922 872 2942 more
890 2911 1103 2954 astounding
1120 2914 1327 2944 statements
1343 2911 1445 2943 made
1464 2911 1632 2954 touching
1656 2923 1761 2943 mem—

239 2963 318 2995 bers
336 2962 372 2994 of
388 2963 450 2995 the
468 2963 578 3005 Percy
589 2964 713 3007 family
729 2965 766 2996 in
783 2966 848 2998 No.
870 2967 950 3006 376,
963 2977 1028 2998 one
1042 2966 1159 2998 would
1175 2966 1219 2999 be
1236 2976 1332 2998 more
1346 2965 1499 2998 inclined
1514 2968 1553 2998 to
1570 2967 1703 2999 marvel
1724 2970 1760 2999 at
