1889 3221
344 357 710 391 OARTULARIUM
736 358 1004 392 ABBATHIAE
1030 359 1093 392 DE
1119 360 1365 392 WHITEBY.
1533 353 1612 390 629

102 466 223 507 Ebor.
247 466 449 516 Ecclesia,
476 480 616 508 coram
640 467 822 509 Officiali
843 469 965 510 Ebor.
990 473 1033 509 et
1054 469 1366 510 Archidiacono
1397 469 1440 509 N
1442 469 1616 523 otingh.,

102 531 412 574 Commissariis
445 534 599 575 nostris
636 534 895 588 specialibus
928 535 974 576 in
1004 536 1086 576 hac
1115 539 1237 590 parte
1268 535 1322 576 ad
1352 536 1615 589 probandam

100 598 395 651 exceptionem
416 600 676 653 praedictam,
698 604 740 642 et
761 601 815 642 ad
836 601 1080 643 faciendum
1102 606 1144 643 et
1174 602 1466 656 recipiendum
1489 616 1616 655 super

100 663 314 715 exhibitis,
336 669 378 707 et
398 666 577 708 ulterius
598 666 645 707 in
665 667 833 721 negotio
856 667 970 721 quod
987 668 1159 722 justitia
1181 668 1388 710 suadebit.

373 799 602 842 DXCVII.
636 800 908 855 (Grenefield,
932 799 1018 851 891³,
1039 802 1217 842 inserted
1236 802 1348 855 slz‘p.)

158 888 404 930 Willelmus
439 891 539 932 Div.
560 892 750 945 permiss.
781 892 903 933 Ebor.
927 892 1179 946 Archiep'us
1213 897 1289 934 etc.
1324 893 1481 933 dilecto
1514 892 1615 941 filio,

100 954 262 995 Abbati
274 955 327 996 de
343 956 563 1010 Whiteby,
578 971 622 1007 s.,
637 971 695 1012 gr.
713 962 755 999 et
770 958 1124 1000 benedictionem.
1164 960 1231 999 De
1246 960 1374 1000 fratre
1389 956 1615 998 Thoma⁴de

101 1020 336 1072 Wilmerle,
352 1023 559 1063 monacho
577 1024 729 1064 Mon’ii
760 1024 812 1064 de
843 1024 1009 1078 Seleby,
1025 1038 1164 1078 quem,
1187 1038 1239 1065 ex
1261 1025 1387 1066 certis
1409 1024 1548 1065 causis
1569 1024 1615 1064 in

100 1085 358 1129 Visitatione
374 1092 518 1129 nostra
533 1089 585 1130 de
599 1089 713 1131 dicto
726 1090 888 1131 Mon'io
906 1090 957 1131 de
970 1091 1062 1144 ipso
1079 1091 1317 1145 compertis,
1334 1091 1388 1132 ad
1405 1091 1616 1132 Mon'ium

101 1156 291 1194 vestrum
311 1168 387 1207 pro
409 1155 546 1196 salute
569 1156 741 1210 [animae
762 1156 930 1210 deleted]
947 1170 1022 1210 per
1036 1160 1203 1198 nostras
1223 1157 1391 1198 litteras
1408 1157 1528 1198 vobis
1550 1157 1616 1196 in-

100 1218 290 1260 sinuatas
310 1220 419 1261 inibi
439 1222 678 1276 peragenda
693 1236 769 1263 nos
786 1223 1060 1264 meminimus
1075 1223 1320 1273 destinasse,
1337 1237 1423 1264 non
1437 1223 1528 1264 sine
1544 1237 1617 1264 ve-

99 1283 289 1326 hementi
305 1287 584 1329 admiratione
597 1288 837 1342 accepimus
851 1289 934 1330 hiis
948 1289 1097 1330 diebus
1111 1290 1226 1343 quod
1242 1290 1356 1330 idem
1371 1289 1617 1337 monachus,

101 1350 260 1405 absque
273 1355 417 1394 nostra
429 1353 615 1404 licentia,
630 1359 776 1395 contra
789 1355 1040 1396 mandatum
1054 1360 1247 1396 nostrum
1261 1356 1383 1397 vobis
1398 1370 1525 1409 super
1536 1356 1616 1396 hoc

105 1418 325 1468 directum,
362 1423 436 1461 aut
471 1434 549 1461 sua
584 1421 753 1475 propria
792 1421 1045 1470 temeritate,
1081 1425 1157 1461 aut
1191 1425 1333 1462 vestra
1372 1422 1616 1462 inconsulta

101 1483 318 1534 facilitate,
340 1485 394 1525 ad
415 1499 541 1526 suum
562 1486 873 1527 Monasterium
894 1500 916 1527 6
939 1486 1026 1540 [not
1043 1487 1207 1540 leyz'ble]
1274 1487 1480 1536 Quocirca
1496 1487 1617 1528 vobis

101 1548 148 1588 in
169 1549 327 1590 virtute
359 1550 610 1592 obedientiae
639 1551 816 1592 firmiter
845 1552 1108 1605 injungendo
1138 1552 1391 1593 mandamus
1412 1552 1616 1606 quatinus

105 1614 288 1655 eundem
321 1615 590 1665 monachum,
611 1630 739 1670 quem
759 1621 966 1670 tanquam
998 1616 1300 1658 inobedientiae
1321 1618 1533 1672 apostasia
1553 1632 1616 1658 re-

99 1693 293 1733 spersum
323 1680 377 1721 ad
397 1695 472 1722 vos
503 1682 760 1723 remittimus
782 1682 834 1723 ad
855 1682 1144 1736 peragendum
1172 1683 1285 1724 inter
1304 1697 1379 1724 vos
1400 1684 1504 1724 alias
1535 1684 1618 1724 sibi

100 1759 175 1799 per
213 1760 290 1787 nos
331 1747 569 1800 injunctam
611 1748 911 1802 poenitentiam
951 1749 1201 1790 admittatis.
1264 1750 1403 1799 Quem
1442 1750 1617 1804 insuper

99 1811 237 1852 tribus
259 1811 407 1853 diebus
432 1812 478 1853 in
499 1814 749 1867 septimana,
770 1814 849 1855 viz.
872 1814 941 1855 die
972 1814 1115 1864 Lunae,
1136 1815 1340 1856 Mercurii
1361 1820 1404 1856 et
1424 1815 1616 1865 Veneris,

98 1891 174 1931 pro
194 1878 408 1931 praedictae
438 1879 740 1921 inobedientiae
770 1883 873 1921 nota
893 1894 1024 1921 unam
1047 1881 1197 1922 diebus
1220 1881 1398 1936 singulis
1420 1896 1445 1923 a
1466 1883 1614 1923 Praesi-

99 1944 227 1985 dente
256 1945 441 1998 recipere
461 1945 662 1987 volumus
685 1946 969 2000 disciplinam.
1030 1947 1086 1987 Et
1107 1947 1414 1988 nichilominus
1435 1947 1475 1988 ei
1495 1952 1617 2002 septa

99 2010 352 2051 Monasterii
372 2011 616 2064 egrediendi
637 2012 728 2053 sine
743 2015 887 2053 vestra
907 2012 1082 2066 speciali
1101 2013 1275 2054 licentia
1296 2027 1462 2054 omnem
1486 2013 1616 2055 inter-

100 2075 283 2116 dicimus
314 2076 578 2128 facilitatem,
599 2078 678 2119 sub
699 2091 828 2131 poena
858 2091 1018 2119 excom.
1041 2079 1226 2133 majoris,
1249 2093 1378 2133 quam
1399 2080 1436 2120 si
1469 2084 1617 2121 contra

100 2141 317 2194 praemissa
336 2143 503 2184 venerit
523 2143 569 2183 in
590 2143 728 2197 ipsius
749 2157 973 2198 personam
996 2144 1083 2198 [not
1104 2146 1258 2199 leyible]
1290 2146 1544 2199 proferimus
1570 2147 1616 2186 in

98 2208 182 2249 hiis
203 2208 384 2262 scriptis.
446 2209 645 2250 Vestram
675 2215 832 2259 autem,
852 2210 961 2250 D'ne
992 2210 1150 2260 Abbas,
1171 2211 1459 2252 inconsultam
1480 2212 1614 2253 facili-

98 2277 231 2314 tatem
262 2274 299 2314 si
329 2275 444 2315 dicto
475 2276 695 2325 monacho,
725 2275 848 2316 nobis
879 2275 1149 2325 inconsultis,
1181 2276 1358 2317 dedistis
1393 2277 1614 2318 licentiam

100 2339 189 2393 [not
209 2339 362 2393 leyz'ble]
380 2340 507 2393 juxta
528 2341 675 2382 delicti
695 2341 948 2395 qualitatem
968 2354 1043 2393 pro
1064 2341 1156 2382 loco
1178 2342 1265 2395 [not
1287 2343 1442 2396 Zeyz‘blc]
1464 2344 1613 2396 punie-

99 2418 204 2445 mus.
265 2405 425 2446 Valete.
486 2406 650 2447 Datum
677 2407 791 2460 apud
813 2405 1113 2461 Styvelingflet
1141 2408 1202 2448 xii
1225 2408 1395 2450 Calend.
1419 2410 1614 2451 Octobris

101 2470 255 2511 Pontis.
279 2470 413 2511 nostri
433 2471 572 2512 Anno.
605 2505 613 2513 .
646 2505 653 2513 .
686 2505 694 2514 .

499 2595 753 2637 Dxcvirr.
786 2597 1061 2650 (erenefieid,
1082 2598 1108 2639 f.
1135 2599 1218 2651 93.)

99 2686 288 2726 LITTERA
309 2695 496 2726 DIRECTA
515 2686 686 2727 ABBATI
707 2697 764 2727 DE
784 2687 1003 2728 WHITEBY
1020 2698 1136 2734 QUOD
1158 2698 1380 2728 ADMrTTAT
1401 2688 1611 2730 FRANors-

178 2761 270 2793 CUM
290 2762 347 2792 DE
368 2751 562 2801 KILLUM,
584 2752 936 2794 COMMONAGHUM
956 2764 1013 2793 DE
1033 2753 1265 2803 WHITEBY,
1285 2764 1552 2795 APosrATAM.

156 2850 400 2892 Willelmus
436 2855 515 2894 etc.
551 2851 707 2893 dilecto
741 2852 841 2902 filio,
876 2852 1039 2894 Abbati
1074 2853 1126 2894 de
1161 2853 1378 2908 Whiteby,
1418 2855 1614 2905 salutem,

99 2916 280 2970 gratiam
302 2920 344 2957 et
364 2917 716 2959 benedictionem.
782 2918 902 2959 Inter
931 2922 1103 2960 caeteras
1126 2919 1424 2973 occupationes
1445 2920 1614 2974 quibus,

100 2995 152 3022 ex
183 2982 385 3035 pastorali
415 2983 718 3034 sollicitudine,
746 2984 1086 3039 constringimur,
1116 2985 1235 3026 illam
1267 2986 1478 3027 cernimus
1508 3001 1613 3040 prae-

160 3057 255 3088 VOL.
278 3058 322 3089 ΙΙ.
1419 3062 1440 3092 s
