1889 3221
377 394 739 427 CARTULARIUM
765 393 1035 427 ABBATHIAE
1061 394 1125 427 DE
1149 393 1398 428 WHITEBY.
1560 388 1640 424 519

128 503 304 545 audiens
340 505 566 558 Dompnus
609 503 865 545 Benedictus
900 503 1059 554 Abbas‚
1095 507 1137 545 et
1175 504 1304 546 ConV.
1340 504 1391 545 de
1426 503 1648 558 Whiteby,

127 569 366 611 timuerunt
385 584 439 611 ne
459 569 652 611 vaccaria
677 570 728 611 de
760 570 956 611 Bilroche
978 570 1273 611 destrueretur.
1338 570 1526 611 Consilio
1547 583 1646 610 vero

128 638 299 689 accepto
321 636 443 690 (179)
466 640 763 677 concesserunt
783 636 984 676 fratribus
1006 640 1048 677 et
1068 636 1247 690 leprosis
1268 636 1384 677 illius
1407 635 1647 690 Hospitalis

127 705 177 742 ut
217 702 329 755 apud
370 702 566 743 Bilroche
607 702 812 743 haberent
852 702 1079 756 pecuniam
1119 716 1252 752 suain,
1292 716 1346 743 ne
1382 716 1407 743 a
1446 702 1648 756 praedicto

129 767 295 809 Comite
316 768 434 809 locus
456 768 768 819 destrueretur,
795 768 986 822 pepercit
1006 768 1121 809 enim
1143 768 1293 809 Comes
1315 768 1561 809 Willelmus
1583 767 1652 808 illi

127 832 220 874 loco
251 837 423 887 propter
452 833 662 887 leprosos3
693 836 737 874 et
768 833 979 887 deinceps,
1006 847 1142 887 usque
1172 834 1217 873 in
1248 833 1501 874 hodiernum
1523 833 1649 882 diem,

130 912 305 940 assensu
326 899 544 939 Abbatum
566 903 609 940 et
631 899 891 948 Conventus,
912 899 1095 952 pecunia
1115 899 1356 953 Hospitalis
1387 899 1448 939 ibi
1478 899 1584 939 bene
1606 902 1649 939 et

129 965 175 1005 in
216 978 319 1018 pace
359 968 589 1018 permanet.
667 965 811 1005 Beatae
852 978 950 1005 vero
992 965 1208 1005 memoriae
1244 964 1452 1005 Ricardus
1483 964 1647 1017 primus

130 1031 275 1071 Abbas
309 1031 360 1071 de
385 1031 602 1084 Whiteby,
637 1030 749 1071 inter
780 1030 919 1070 multa
951 1030 1062 1071 bona
1087 1044 1183 1084 quac
1213 1030 1314 1071 fecit
1346 1030 1565 1083 Hospitali
1597 1029 1648 1069 de

130 1096 347 1151 Whiteby,
367 1111 502 1137 unum
524 1096 762 1137 corrodium
783 1095 1233 1146 monachale—videl„
1254 1096 1369 1150 quod
1389 1109 1502 1136 unus
1532 1109 1648 1150 pere-

128 1163 275 1217 grinus
296 1162 450 1204 habere
472 1162 622 1203 solitus
652 1162 752 1216 [est]
775 1162 821 1202 in
851 1161 1350 1203 Refectorio1--assensu
1380 1161 1513 1203 totius
1537 1161 1648 1202 Con-

129 1232 284 1270 ventus
319 1229 437 1270 dedit
471 1228 595 1282 praed.
634 1228 852 1282 Hospitali
891 1228 938 1268 in
979 1228 1096 1269 elem.
1138 1232 1398 1282 perpetuam.
1480 1227 1647 1268 Deinde

129 1295 254 1348 praed.
276 1295 422 1336 Abbas
444 1295 650 1336 Ricardus
672 1294 724 1335 de
744 1294 964 1348 VVhiteby,
985 1308 1160 1335 assensu
1183 1295 1443 1342 Conventus,
1459 1292 1649 1334 restituit

131 1361 368 1402 corrodium
389 1360 599 1414 peregrini
619 1361 666 1400 in
689 1359 928 1401 Refectorio
950 1373 1025 1413 pro
1048 1359 1351 1401 anniversariis
1367 1359 1587 1400 Abbatum
1608 1361 1650 1398 et

130 1425 432 1466 monachorum
453 1425 505 1467 de
526 1426 699 1467 Persore
713 1424 869 1479 quum2
885 1425 1063 1466 societas
1081 1425 1271 1479 Capituli
1292 1425 1404 1466 inter
1419 1428 1649 1477 utrumque

132 1491 441 1532 Monasteriurn
482 1492 594 1532 facta
629 1494 703 1539 est,
743 1494 988 1532 remanente
1022 1491 1159 1532 eidem
1201 1491 1421 1544 Hospitali
1462 1489 1649 1531 corrodio

132 1557 245 1610 quod
271 1556 418 1597 datum
449 1560 515 1597 est
543 1556 681 1597 eidem
716 1557 761 1596 in
798 1556 917 1596 elem.
958 1559 1220 1609 perpetuam.
1300 1555 1462 1596 Eodem
1503 1558 1647 1595 autem

132 1622 256 1662 niodo
297 1621 472 1670 Simon,3
512 1621 657 1661 Abbas
699 1620 750 1661 de
792 1621 980 1669 Persore,
1022 1620 1246 1661 constituit
1290 1621 1562 1674 peregrinum
1602 1619 1648 1659 in

133 1687 392 1728 Monasterio
414 1686 465 1727 de
493 1686 665 1727 Persore
696 1699 770 1739 pro
802 1685 1101 1727 anniversariis
1132 1685 1353 1726 Abbatum
1375 1690 1417 1726 et
1448 1684 1648 1726 monach-

132 1767 252 1794 orum
285 1752 336 1793 de
369 1752 585 1805 Whiteby.
662 1752 793 1793 Dedit
829 1752 974 1805 itaque
1011 1752 1132 1792 bonae
1168 1751 1381 1792 menioriae
1418 1751 1647 1805 praedictus

132 1819 338 1860 Ricardus
359 1819 521 1872 primus
537 1818 695 1867 Abbas,
712 1831 887 1859 assensu
904 1818 1161 1867 Conventus,
1179 1818 1218 1859 S.
1237 1817 1441 1858 Michaeli
1459 1821 1501 1858 et
1521 1817 1646 1871 praed.

133 1884 359 1938 Hospita-li,
377 1887 418 1925 et
435 1884 634 1924 fratribus
651 1883 781 1937 ejusd.
799 1883 892 1933 loci,
905 1896 980 1937 per
995 1884 1169 1924 Petrum
1190 1884 1378 1932 Danum,
1391 1883 1648 1924 monachum

131 1955 173 1991 et
194 1951 448 2005 Magistrum
471 1949 600 2004 ejusd.
623 1949 716 1998 loci,
737 1949 858 1990 t'ram
880 1949 931 1989 de
963 1949 1189 1990 Helredale
1211 1949 1264 1990 ad
1295 1948 1531 1997 colendum,
1554 1962 1648 2002 quae

134 2020 305 2057 vocatur
324 2016 364 2057 le
396 2016 556 2070 Rigge‚4
578 2015 652 2069 qui
682 2015 800 2056 locus
832 2018 921 2055 erat
952 2014 1085 2068 spinis
1117 2019 1159 2055 et
1180 2015 1381 2068 vepribus
1404 2017 1446 2055 et
1476 2014 1647 2055 tribulis

132 2082 366 2123 condensus
388 2086 430 2122 et
450 2081 637 2121 incultus
657 2096 664 2121 z
695 2084 737 2121 et
758 2080 876 2121 illam
897 2084 1051 2120 terrain
1073 2084 1340 2121 sartaverunt
1357 2084 1398 2121 et
1415 2079 1648 2120 coluerunt.

134 2148 315 2197 Quidam
349 2148 475 2188 etiam
510 2146 645 2195 miles,
676 2146 892 2187 Walterus
930 2146 980 2186 de
1012 2146 1161 2187 Rosels
1192 2146 1377 2195 nomine,
1408 2145 1524 2187 dedit
1555 2146 1648 2186 Deo

133 2212 274 2267 (17912)
296 2217 338 2254 et
360 2213 398 2254 S.
421 2212 626 2253 Michaeli
647 2217 689 2253 et
719 2212 844 2266 praed.
868 2212 1086 2265 Hospitali
1118 2216 1159 2252 et
1190 2212 1392 2252 fratribus
1414 2211 1544 2265 ejusd.
1566 2211 1649 2251 loci

132 2280 177 2319 in
199 2280 317 2321 010111.
339 2292 452 2333 perp.
476 2292 610 2318 unum
640 2278 797 2317 toftum
821 2291 916 2318 cum
949 2291 1033 2317 una
1056 2291 1150 2318 acra
1171 2277 1257 2317 t’rae
1279 2277 1321 2316 in
1355 2276 1650 2330 Es[ing]t0na⁵

180 2415 189 2434 ¹
217 2413 290 2444 The
307 2412 472 2454 probable
490 2411 652 2453 meaning
668 2410 698 2442 is
722 2410 802 2442 that
819 2410 997 2442 indicated
1023 2409 1069 2452 by
1086 2409 1148 2441 the
1166 2408 1437 2451 pointing-—thc
1462 2408 1651 2440 allowance

135 2479 171 2500 or
191 2471 210 2485 “
223 2479 313 2500 mess
326 2467 344 2481 ”
362 2467 479 2499 which
496 2466 613 2498 would
630 2466 673 2498 be
691 2468 743 2497 set
761 2465 879 2497 before
897 2476 917 2497 a
935 2468 1095 2507 stranger
1112 2475 1150 2496 or
1171 2464 1348 2505 wayfarer.

181 2522 194 2542 4
219 2522 282 2564 qu’.
334 2522 408 2554 The
425 2522 569 2564 reading
585 2521 699 2564 might
716 2520 759 2552 be
776 2522 865 2561 quia.

181 2577 194 2598 3
219 2579 337 2610 Simon
355 2588 427 2609 was
444 2576 577 2608 elected
594 2576 717 2607 Abbot
734 2575 769 2607 of
789 2575 958 2607 Pershore
975 2575 1011 2606 in
1033 2574 1133 2614 1175,
1153 2574 1222 2606 and
1240 2574 1319 2606 died
1338 2576 1374 2606 at
1399 2573 1647 2615 Bermondsey,

134 2635 155 2665 4
174 2633 252 2665 Ides
269 2633 355 2674 May
375 2631 709 2674 1198.—(Dugda1e,
731 2631 825 2663 Μοη.
847 2631 881 2662 ii.
902 2631 997 2670 412.)

180 2687 194 2709 4
218 2689 269 2721 As
296 2689 358 2720 “le
388 2687 524 2730 Rigge'’
551 2698 622 2719 was
647 2686 730 2718 land
756 2686 948 2718 connected
972 2685 1060 2717 with
1087 2684 1298 2722 Hellerdale,
1332 2684 1362 2716 it
1390 2687 1486 2716 must
1514 2687 1576 2716 not
1605 2685 1647 2716 be

134 2743 315 2775 identified
331 2743 420 2775 with
438 2743 538 2774 other
554 2742 637 2774 land
655 2742 690 2772 of
706 2741 768 2773 the
786 2751 880 2772 same
897 2750 1007 2778 name,
1027 2739 1088 2771 the
1106 2739 1313 2771 connection
1330 2739 1366 2771 of
1384 2739 1498 2771 which
1515 2740 1544 2771 is
1558 2739 1646 2772 with

134 2798 194 2830 the
223 2798 314 2841 Rigg
343 2798 423 2829 Mill
451 2797 610 2838 vicinity.
661 2796 744 2828 This
770 2795 861 2838 Rigg
887 2794 1057 2837 probably
1085 2794 1144 2836 lay
1172 2794 1334 2826 between
1362 2794 1423 2826 the
1448 2794 1647 2826 Hellerdale

134 2852 249 2894 valley
266 2852 334 2884 and
351 2852 413 2884 the
429 2852 574 2884 modern
591 2853 776 2893 cemetery.

182 2906 196 2927 ⁵
220 2907 303 2939 This
320 2907 350 2939 is
374 2907 513 2949 printed
532 2907 682 2939 Eserton
698 2906 735 2937 in
753 2905 919 2948 Dugdale‚
939 2904 1005 2937 but
1026 2904 1124 2937 there
1142 2915 1205 2936 can
1231 2904 1274 2936 be
1293 2915 1336 2936 no
1353 2904 1475 2943 doubt,
1495 2904 1512 2935 I
1530 2903 1644 2942 think,

135 2961 216 2993 that
239 2962 411 3004 Esington
434 2961 464 2993 is
488 2961 549 2993 the
575 2963 710 2993 correct
734 2960 886 3002 reading.
938 2959 980 2991 In
1005 2959 1067 2992 the
1096 2958 1335 2991 confirmation
1361 2959 1477 2991 which
1504 2959 1647 2990 “Peter

138 3016 228 3048 filius
247 3016 344 3048 Petri
362 3017 404 3048 (le
421 3016 510 3048 Erus
521 3014 539 3029 ’'
565 3016 659 3058 gives
685 3018 722 3047 to
740 3015 926 3056 Gysburne
951 3014 1075 3056 Priory
1093 3014 1128 3046 of
1155 3017 1172 3031 “
1188 3025 1305 3046 omnes
1331 3013 1534 3046 donationes
1560 3024 1646 3055 quas
