1889 3221
249 344 330 381 550
494 351 853 385 CARTULARIUM
879 350 1146 383 ABBATHIAE
1171 351 1235 383 DE
1259 351 1506 384 WHITEBY.

248 461 445 515 cunque.1
517 462 573 502 Et
603 462 789 515 insuper,
821 461 872 502 de
900 461 1084 502 uberiori
1114 461 1248 515 gratia
1283 464 1439 510 nostra,
1473 460 1758 501 concessimus

247 527 407 568 eisdem
428 527 536 568 Abb.
561 531 603 568 et
625 527 755 569 Conv,
774 531 975 568 eteorum
989 540 1098 568 succ.
1112 527 1222 569 hanc
1235 527 1375 568 libert.
1392 531 1434 568 et
1448 525 1760 575 franchesiam,2

246 592 358 645 quod
400 593 452 633 ab
494 593 603 634 ostio
644 593 899 634 Monasterii
939 593 1064 647 praed.
1103 594 1432 647 circumquaque
1466 607 1542 647 per
1572 592 1758 646 spatium

246 658 374 699 unius
404 658 540 713 leugae
570 659 757 700 habeant
787 659 953 699 firmam
984 672 1130 713 pacem
1163 663 1353 700 nostram
1368 660 1505 700 :-1ta
1531 659 1645 713 quod
1666 658 1759 712 qui-

247 737 428 778 cumque
450 725 536 778 qui,
557 738 632 778 pro
654 725 800 778 aliqua
821 725 991 774 felonia,
1006 724 1228 779 utlagaria,
1244 725 1588 779 transgressione,
1604 724 1760 772 debito,

246 794 454 843 compoto,
486 790 743 840 detentione,
775 790 866 831 sive
902 790 1069 840 delicto,
1103 804 1178 831 seu
1208 804 1334 831 causa
1360 790 1430 831 vel
1461 790 1627 831 actione
1658 803 1759 843 qua-

247 868 426 909 cunque,
447 855 562 896 intra
577 856 715 909 ipsam
732 855 900 910 leugam
916 860 1147 909 antequam
1164 855 1603 910 comprehenderetur,
1618 859 1761 908 posset

247 921 403 971 venire,
415 921 516 962 vitae
531 921 815 971 securitatem,
828 922 1114 963 membrorum
1130 921 1500 975 indempnitatem,
1518 926 1560 962 et
1576 921 1760 975 corporis

247 986 314 1026 sui
349 986 601 1037 libertatem,
635 988 840 1041 quamdiu
876 988 988 1028 infra
1024 988 1183 1028 dictam
1213 987 1382 1041 leugam
1418 1001 1578 1028 moram
1614 987 1761 1028 fecerit

247 1057 451 1106 perpetue
481 1054 755 1107 permittatur
785 1054 950 1103 habere,
978 1057 1019 1094 et
1050 1054 1232 1107 gaudere
1264 1054 1423 1107 absque
1455 1053 1760 1107 impedimento

247 1118 316 1158 vel
337 1119 654 1172 perturbatione
676 1119 822 1169 nostri,
838 1119 877 1160 h.
896 1123 971 1160 aut
987 1133 1016 1160 s.
1036 1133 1088 1168 n.,
1105 1120 1261 1169 Vicec.,
1279 1120 1386 1168 Esc.,
1404 1119 1508 1169 Cor„
1526 1118 1761 1167 Admirall„

250 1185 366 1226 Cust.
398 1185 573 1235 March„
606 1188 680 1226 aut
711 1185 891 1226 aliorum
923 1185 1026 1226 offic.
1058 1189 1101 1226 et
1128 1185 1287 1226 minist.
1321 1189 1574 1234 nostrorum,
1604 1185 1643 1225 h.
1667 1188 1709 1225 et
1730 1198 1759 1225 s.

248 1264 287 1290 n.
322 1265 686 1305 quorumcunque.
748 1251 1161 1305 Considerantesque
1194 1252 1318 1305 quod,
1350 1265 1445 1292 cum
1482 1251 1612 1292 iidem
1650 1250 1759 1292 Abb.

249 1320 290 1357 et
333 1317 476 1366 Conv„
518 1331 542 1358 a
581 1321 770 1371 tempore
811 1331 895 1371 quo
936 1331 1021 1358 non
1063 1322 1183 1359 extat
1223 1318 1437 1367 memoria,
1478 1318 1545 1358 usi
1588 1317 1762 1358 fuerunt

248 1383 401 1424 habere
432 1383 646 1437 quoddam
677 1387 911 1424 mercatum
934 1383 1123 1437 qualibet
1145 1384 1213 1424 die
1235 1382 1484 1424 Dominica3
1505 1397 1580 1437 per
1600 1397 1761 1423 annum

248 1449 361 1502 apud
397 1449 591 1503 Whitby,
627 1463 755 1504 quam
792 1450 964 1503 quidem
1000 1450 1113 1490 diem
1149 1463 1225 1490 nos
1261 1449 1523 1490 sanctificare
1558 1448 1762 1498 volentes,

247 1518 374 1569 prout
414 1516 626 1564 convenit,
668 1515 719 1556 de
759 1515 947 1556 liberiori
987 1515 1124 1569 gratia
1164 1518 1308 1556 nostra
1349 1515 1646 1564 concessimus,
1685 1528 1761 1568 pro

247 1582 382 1631 nobis,
423 1582 461 1623 h.
504 1586 546 1623 et
587 1596 616 1623 s.
659 1596 714 1631 n.,
755 1582 894 1623 eidem
945 1582 1052 1623 Abb.
1096 1586 1138 1622 et
1190 1582 1320 1623 ConV.
1364 1586 1406 1622 et
1456 1595 1601 1622 eorum
1651 1594 1759 1621 succ.

248 1648 463 1701 quoddam
506 1653 741 1689 mercatum
780 1648 1027 1689 habendum
1069 1652 1111 1689 et
1150 1648 1385 1689 tenendum
1426 1647 1538 1700 apud
1580 1646 1761 1700 Whitby

248 1714 373 1768 praed.
411 1714 602 1768 qualibet
638 1715 707 1755 die
744 1713 942 1756 Sabbati4
977 1727 1052 1767 per
1092 1727 1252 1754 annum
1293 1713 1614 1767 imperp.—nisi
1653 1726 1761 1753 mer-

249 1784 390 1821 catum
433 1780 544 1821 illud
585 1781 642 1821 sit
672 1780 725 1822 ad
757 1785 1063 1821 nocumentum
1105 1780 1239 1821 vicini
1278 1780 1612 1820 mercati—cum
1648 1792 1758 1819 omn.

248 1846 463 1899 proficuis,
495 1846 649 1895 libert„
679 1846 900 1895 custumis,
932 1850 975 1887 et
1007 1846 1079 1886 lib.
1111 1845 1494 1886 consuetudinibus
1527 1845 1581 1885 ad
1611 1844 1760 1897 hujus-

249 1911 366 1952 modi
401 1916 635 1952 mercatum
671 1916 788 1965 pert„
825 1916 868 1952 et
903 1915 1030 1965 prout
1069 1911 1318 1964 hujusmodi
1349 1913 1584 1951 mercatum
1615 1910 1660 1950 in
1692 1910 1760 1951 die

249 1976 402 2017 D'nica
421 1977 589 2026 habere,
605 1980 749 2017 tenere
771 1981 813 2017 et
833 1977 1048 2030 percipere
1071 1981 1386 2016 consueverunt
1402 1976 1540 2015 z—Ita
1562 1975 1686 2028 quod,
1709 1976 1759 2016 de

252 2047 415 2091 caetero,
437 2042 609 2083 nullum
639 2056 864 2083 commune
886 2046 1123 2082 mercatum
1145 2042 1247 2082 ibid.
1270 2041 1315 2081 in
1337 2041 1405 2082 die
1437 2041 1589 2081 D'nica
1615 2046 1759 2082 tenea-

250 2112 332 2157 tur,
354 2108 438 2148 nisi
468 2111 659 2162 tempore
690 2107 977 2161 autumpnali,
1008 2121 1055 2148 eo
1087 2108 1199 2161 quod
1232 2120 1308 2147 nec
1339 2107 1385 2146 in
1416 2107 1615 2161 praesenti
1646 2112 1760 2148 carta

250 2178 408 2223 nostra,
430 2187 506 2215 nec
527 2174 573 2214 in
594 2174 923 2228 supplicatione,
937 2174 1159 2227 petitione,
1180 2174 1269 2214 sive
1290 2173 1394 2214 billa
1415 2173 1537 2213 nobis
1559 2187 1634 2227 pro
1655 2188 1761 2228 prae-

250 2240 404 2290 missis,
445 2245 521 2281 aut
560 2239 777 2294 aliquibus
823 2254 971 2280 eorum
1018 2239 1271 2280 concedend.
1314 2252 1367 2280 ex
1410 2242 1529 2292 parte
1570 2239 1759 2292 ipsorum

249 2306 433 2347 Abbatis
455 2310 497 2347 et
520 2306 649 2348 Conv.
671 2310 877 2360 porrecta,
908 2320 1107 2360 expressa
1128 2306 1289 2347 mentio
1311 2305 1362 2346 de
1384 2318 1483 2346 vero
1510 2305 1663 2355 valore,
1685 2311 1760 2347 aut

248 2386 348 2413 vero
369 2372 512 2413 valore
534 2386 687 2422 annuo,
709 2372 896 2426 praedict.
921 2372 1183 2421 libertatum,
1196 2371 1536 2420 franchisiarum‚
1558 2371 1761 2426 privileg„

251 2438 599 2491 quietantiarum,
651 2441 851 2487 consuet,
892 2438 1071 2487 allocat.,
1110 2437 1447 2486 immunitatum,
1499 2441 1542 2478 et
1591 2451 1760 2478 conces-

251 2504 434 2553 sionum,
455 2517 505 2545 ac
526 2503 707 2544 aliorum
729 2503 1014 2557 proficuorum
1036 2507 1079 2544 et
1095 2503 1397 2544 commodatur.
1420 2502 1580 2543 eisdem
1596 2502 1759 2544 Abbati

250 2572 292 2609 et
315 2569 445 2611 Conv.
467 2572 510 2610 et
532 2582 643 2610 succ.
660 2569 760 2618 suis,
776 2573 826 2609 ut
838 2569 1125 2622 praemittitur,
1140 2582 1434 2609 concessorum
1448 2572 1490 2609 et
1506 2572 1759 2621 proventur.‚

250 2634 533 2687 proficuorum
550 2635 716 2683 exitur„
734 2635 1121 2675 emolumentorum
1143 2637 1185 2675 et
1199 2633 1499 2675 commodatur.
1515 2633 1757 2683 eorundem,

250 2713 297 2740 ac
329 2699 380 2740 de
402 2700 497 2741 aliis
520 2701 642 2741 donis
671 2705 715 2741 et
745 2700 1094 2741 concessionibus
1117 2700 1217 2741 eisd.
1240 2699 1404 2740 Abbati
1426 2703 1468 2739 et
1500 2698 1644 2748 Conv.,
1664 2702 1755 2740 tam

299 2803 311 2824 ¹
337 2805 412 2837 The
428 2817 526 2838 sense
543 2817 689 2848 appears
706 2809 745 2838 to
761 2806 805 2838 be
822 2806 1016 2849 imperfect,
1035 2805 1189 2848 through
1208 2816 1301 2837 some
1319 2804 1491 2843 omission,
1512 2804 1691 2846 probably.

296 2858 310 2879 2
335 2860 496 2891 Another
513 2871 600 2902 very
617 2861 810 2903 important
828 2861 997 2904 privilege
1015 2872 1054 2892 or
1070 2860 1255 2892 franchise.

298 2913 311 2934 3
338 2914 452 2956 Again
470 2925 490 2946 a
507 2915 731 2956 noteworthy
749 2916 832 2948 fact.

298 2966 311 2987 4
337 2969 389 2999 On
407 2968 520 3000 which
539 2968 608 3010 day
626 2969 661 3000 of
677 2969 738 3000 the
757 2969 855 3001 week
873 2971 902 3001 it
920 2970 993 3001 still
1011 2970 1192 3001 continues
1210 2971 1246 3000 to
1264 2968 1306 2999 be
1325 2968 1414 3000 held.
