1889 3221
267 325 347 363 628
509 328 872 365 CARTULARIUM
897 327 1165 360 ABBATHIAE
1190 328 1255 360 DE
1280 328 1524 361 WHITEBY.

401 481 606 524 DXCVI.
639 480 817 522 CONTRA
847 478 1062 519 ABBATEM
1088 490 1140 519 ET
1169 479 1302 522 CONV.
1324 490 1381 520 DE
1402 479 1631 523 WHITEBY.

731 545 948 600 (Newark‚
969 545 995 586 f.
1023 548 1087 596 18,
1110 559 1156 586 or
1181 546 1295 600 123.)

325 639 541 681 Vicesimo
591 641 742 693 quarto
795 636 864 677 die
904 636 1103 678 Januarii
1153 637 1210 677 ΑΟ
1265 643 1409 679 M0cccO
1460 642 1621 688 octavo,
1666 639 1780 693 apud

267 705 460 760 Wylton,
481 718 621 746 coram
651 703 773 745 nobis
795 702 1010 744 Willelmo
1039 705 1114 744 etc.
1137 703 1184 743 in
1214 704 1384 758 negotio
1415 718 1468 745 ex
1499 704 1635 746 officio
1666 709 1782 746 moto

267 776 414 813 contra
439 771 571 825 Relig.
594 770 707 812 viros
739 770 950 811 Abbatem
981 773 1024 810 et
1046 769 1177 811 Oonv.
1211 770 1263 811 de
1284 770 1504 825 Whiteby,
1535 774 1683 812 contra
1708 771 1781 825 jus

266 852 492 880 commune
523 837 747 879 ecclesiam
772 835 1059 890 parochialem
1080 836 1132 877 de
1154 836 1373 891 Whiteby,
1395 851 1492 878 cum
1523 837 1697 891 capellis
1729 837 1782 878 (16

267 904 434 959 Fyling,
456 904 542 959 [(16]
571 902 854 957 Ogelbardby,
875 902 928 943 de
948 902 1123 956 Aselby,
1146 902 1369 944 ecclesiam
1400 903 1567 957 paroch.
1591 903 1644 945 de
1663 903 1782 944 Aton

268 984 368 1011 cum
408 970 570 1024 capella
609 970 662 1011 de
697 970 741 1010 N
744 969 996 1022 unnethorp,
1033 968 1132 1010 eccl.
1164 969 1331 1022 paroch.
1370 969 1423 1011 de
1453 969 1648 1025 Engelby
1683 983 1782 1010 cum

267 1036 431 1091 capella
451 1037 503 1077 de
524 1037 712 1085 Neuton,
733 1035 831 1077 eccl.
849 1035 1016 1089 paroch.
1041 1035 1092 1076 (16
1114 1035 1478 1086 Middelesburch,
1496 1036 1593 1077 eccl.
1610 1035 1781 1089 paroch.

267 1103 320 1144 de
345 1103 582 1152 Haknesse,
614 1102 660 1142 in
682 1101 838 1156 quibus
872 1115 958 1142 non
980 1104 1083 1142 sunt
1112 1102 1309 1155 perpetui
1329 1102 1492 1143 Vicarii
1511 1102 1715 1152 instituti,
1736 1101 1783 1142 in

268 1169 441 1211 Diocesi
462 1172 608 1210 nostra
627 1171 835 1217 tenentes,
857 1171 900 1208 et
920 1167 973 1208 ab
995 1167 1172 1208 ecclesia
1194 1168 1245 1208 (16
1277 1168 1572 1209 Skirkenbeck
1593 1181 1782 1209 annuam

268 1236 518 1290 pensionem
538 1235 554 1275 i
581 1248 745 1284 marcae,
766 1238 808 1275 et
839 1234 892 1275 ab
914 1233 1011 1275 eccl.
1035 1233 1086 1274 de
1110 1233 1307 1288 Kirkeby
1328 1248 1424 1275 ann.
1446 1247 1562 1288 pens.
1583 1248 1621 1275 v.
1644 1247 1784 1284 marc„

270 1317 294 1344 a
315 1302 480 1356 capella
500 1301 552 1342 de
574 1301 737 1342 Sneton
757 1314 874 1354 pens.
901 1314 930 1340 x
952 1313 996 1349 6.,
1017 1300 1070 1340 ab
1099 1300 1196 1340 eccl.
1221 1300 1273 1341 (16
1295 1300 1444 1341 Hoton
1465 1300 1639 1342 Buscell
1663 1313 1782 1354 pens.

269 1369 324 1410 xl.
360 1382 402 1418 6.,
435 1372 478 1410 et
518 1367 571 1408 ab
612 1367 712 1409 eccl.
753 1367 806 1407 de
843 1366 1078 1420 Slengesby
1113 1379 1228 1419 pens.
1265 1366 1281 1406 i
1310 1380 1475 1417 marcae,
1506 1380 1555 1408 ac
1596 1366 1782 1407 decimas

268 1436 494 1490 garbarum
514 1433 628 1488 apud
649 1432 894 1487 Boythorpe
915 1432 961 1472 in
982 1432 1181 1486 parochia
1203 1432 1255 1473 de
1276 1432 1486 1474 Foxholes
1517 1432 1571 1474 ad
1601 1432 1781 1473 aestima-

269 1503 431 1544 tionem
471 1514 531 1541 xx
553 1513 596 1550 6.,
637 1498 961 1554 quatuordecim
1001 1498 1216 1552 quarteria
1255 1499 1372 1540 ordei
1411 1512 1487 1553 pro
1527 1497 1784 1552 quibusdam

271 1567 447 1610 decimis
486 1567 533 1607 in
567 1565 767 1620 parochia
802 1564 991 1606 ecclesiae
1021 1564 1073 1605 de
1105 1564 1374 1619 Wyllafflhy,
1415 1569 1459 1606 et
1498 1564 1603 1605 duas
1642 1567 1784 1619 partes

270 1634 447 1676 decimae
466 1632 691 1687 garbarum
712 1631 764 1673 de
786 1631 1011 1672 dominicis
1032 1631 1154 1672 terris
1175 1631 1278 1671 D'ni
1299 1631 1351 1672 de
1372 1632 1506 1685 Percy
1519 1630 1566 1671 in
1585 1629 1784 1685 parochia

270 1700 322 1741 de
354 1699 500 1740 Semar
530 1697 755 1739 annuatim
784 1696 1080 1751 percipientes,
1111 1700 1366 1751 occupantes
1409 1701 1538 1751 atque
1577 1699 1784 1746 tenentes,

270 1768 442 1807 vocatos
462 1763 744 1818 peremptorie
765 1763 819 1804 ad
840 1762 1022 1803 eundem
1044 1762 1157 1803 diem
1178 1762 1232 1802 ad
1253 1762 1540 1803 exhibendum
1571 1766 1614 1803 et
1643 1765 1783 1803 osten-

272 1830 460 1872 dendum
480 1843 556 1883 pro
572 1828 754 1870 termino
775 1828 978 1882 praecepti
1000 1831 1042 1869 et
1063 1828 1343 1881 peremptorie
1360 1828 1564 1882 quicquid
1579 1827 1785 1869 haberent

271 1896 525 1938 canonicum
575 1907 703 1948 super
737 1893 1013 1935 ecclesiarum
1054 1893 1268 1934 dictarum
1307 1893 1547 1934 retentione
1578 1906 1626 1933 ac
1657 1906 1785 1946 super

271 1967 389 2004 statu
409 1964 451 2002 et
482 1959 751 2001 ordinatione
772 1959 1028 2000 vicariarum
1059 1959 1302 2008 earundem,
1324 1973 1490 2001 necnon
1521 1972 1649 2012 super
1677 1973 1782 2013 pen-

272 2029 453 2076 sionum,
475 2026 738 2067 decimarum
759 2038 808 2066 ac
829 2024 1053 2065 bladorum
1083 2025 1357 2078 perceptione
1388 2039 1464 2066 seu
1495 2025 1782 2079 occupatione,

272 2099 316 2137 et
336 2092 580 2135 faciendum
600 2091 782 2132 ulterius
803 2091 850 2131 in
872 2091 985 2132 dicto
1008 2091 1187 2144 negotio,
1210 2094 1251 2131 et
1281 2090 1392 2131 illud
1423 2091 1783 2145 contingentibus,

272 2159 388 2215 quod
421 2158 593 2213 justitia
629 2157 838 2207 suaderet,
870 2171 946 2211 per
975 2157 1216 2198 Walterum
1246 2157 1298 2198 (16
1318 2157 1538 2211 Whiteby,
1569 2157 1785 2208 clericum,

273 2228 594 2268 Procuratorem
624 2223 909 2265 substitutum
934 2237 958 2264 a
988 2223 1117 2264 fratre
1148 2223 1333 2264 Roberto
1363 2224 1415 2265 de
1442 2223 1649 2278 Crosseby
1669 2237 1783 2264 com-

272 2291 480 2334 monacho
502 2290 744 2340 eorundem,
765 2290 1041 2331 Procuratore
1063 2303 1203 2330 coram
1224 2289 1452 2343 principali
1480 2293 1782 2343 comparentes,

273 2357 479 2401 exhibitis
512 2370 565 2398 ex
597 2359 716 2410 parte
753 2356 964 2397 dictorum
1000 2356 1311 2410 Religiosorum
1345 2356 1481 2397 tribus
1517 2356 1660 2406 bullis,
1694 2370 1782 2397 una

274 2425 441 2468 Urbani
461 2424 589 2477 Papae
617 2423 770 2477 quarti,
797 2423 928 2464 altera
951 2423 1098 2464 Onorii
1129 2424 1257 2477 Papae
1287 2423 1413 2471 tertii,
1444 2422 1571 2463 tertia
1599 2422 1782 2476 Eugenii

273 2494 401 2545 Papae
422 2489 549 2538 tertii,
570 2489 675 2530 item
695 2488 852 2543 viginti
874 2492 917 2530 et
937 2489 1073 2530 tribus
1094 2488 1230 2530 literis
1253 2491 1295 2529 et
1316 2488 1442 2529 cartis
1459 2501 1552 2529 cera
1573 2488 1782 2542 sigillatis,

272 2558 479 2611 factisque
518 2555 652 2609 copiis
685 2554 915 2596 eorundem
948 2554 1078 2596 simul
1108 2559 1158 2595 ut
1187 2554 1346 2595 tradita
1385 2554 1562 2595 fuerunt
1602 2553 1781 2594 annexis

272 2620 690 2679 quorundam—scil.
711 2621 838 2674 plene
854 2621 1133 2674 quorundam,
1149 2634 1248 2661 vero
1265 2624 1475 2673 quantum
1495 2619 1548 2660 ad
1569 2619 1782 2660 clausulas

272 2689 479 2745 quasdam
498 2686 545 2727 in
566 2686 626 2727 eis
648 2690 871 2728 contentas
894 2686 1049 2740 quibus
1071 2686 1137 2727 uti
1153 2686 1392 2735 voluerunt,
1412 2684 1630 2738 proposita
1651 2685 1782 2726 etiam

271 2770 347 2810 per
377 2756 697 2795 Procuratorem
729 2752 1014 2793 substitutum
1044 2752 1297 2806 praedictum
1327 2750 1512 2804 quadam
1533 2749 1781 2803 exceptione

272 2822 318 2863 in
353 2819 523 2873 scriptis
559 2832 644 2872 qua
679 2832 754 2871 per
789 2832 867 2859 nos
909 2818 1094 2859 admissa
1128 2818 1207 2858 sub
1243 2816 1368 2856 modo
1398 2819 1449 2856 ut
1484 2818 1659 2856 eatenus
1690 2816 1781 2859 scil.

272 2886 414 2928 valeat
433 2884 636 2938 quatinus
658 2884 709 2925 de
726 2884 822 2938 jure
843 2884 985 2925 valere
1001 2883 1184 2932 debebit,
1203 2886 1244 2923 et
1265 2895 1351 2922 non
1368 2881 1502 2931 aliter,
1518 2881 1779 2935 praefiximus

273 2952 333 2993 eis
354 2950 468 2991 diem
489 2949 691 2990 Mercurii
711 2949 757 2989 in
782 2949 918 3003 prima
940 2948 1173 2991 ebdomada
1196 2947 1534 3002 Quadragesimae
1558 2947 1604 2988 in
1635 2951 1779 2989 nostra
