1889 3221
310 362 675 395 CARTULARIUM
701 361 968 394 ABBATHIAE
992 361 1057 393 DE
1081 359 1331 393 WHITEBY.
1499 347 1578 386 657

499 529 710 571 Dcvrii.
744 528 1042 584 (T110resby‚f.
1070 525 1202 579 18212.)

65 639 235 678 ABBATI
257 649 309 678 ΕΤ
331 639 589 680 CONVENTUI
620 650 675 679 DE
696 639 917 679 WHrrEBY
947 648 1006 678 AD
1038 645 1379 677 MINISTRANDUM
1411 634 1583 674 THOMAE

181 714 237 743 DE
260 703 599 745 HAUKESGARTH
630 715 851 745 EXPENSAS
877 715 957 744 Psso
979 713 1180 743 TEMPORE
1202 711 1288 748 Quo
1312 710 1515 741 errEmr
1537 710 1583 739 IN

182 780 284 810 ALIA
305 770 453 819 DOMO,
474 781 526 810 Er
546 781 605 810 AD
626 781 909 811 AMOVENDUM
931 779 1140 816 QuosnAM
1161 777 1299 815 Amos,
1320 777 1377 807 UT
1398 775 1543 805 PATET.

125 869 154 909 J
158 868 346 909 ohannes
378 872 455 910 eto.
479 868 646 910 dilectis
668 869 768 910 filiis
800 869 959 909 Abbati
990 872 1033 909 et
1056 865 1300 909 Conventui
1331 863 1586 905 Monasterii

69 934 120 975 de
147 934 367 988 Whiteby,
398 938 552 975 nostrae
584 935 703 984 dioc.,
734 949 777 984 s.,
808 949 866 989 gr.
899 939 942 975 et
974 933 1327 975 benedictionem.
1390 930 1502 980 Quia
1532 943 1586 970 ex

70 1000 195 1041 certis
229 1004 272 1041 et
301 1000 507 1054 legitimis
539 1001 591 1041 de
623 1001 762 1042 causis
793 1014 870 1041 nos
901 999 1187 1046 moventibus,
1208 997 1416 1038 dilectum
1436 995 1586 1044 filium,

67 1066 241 1107 fratrem
262 1066 467 1107 Thomam
499 1066 551 1107 de
582 1066 893 1120 Haugesgarth,
921 1065 1114 1119 ejusdem
1145 1063 1298 1104 Mon’ii
1318 1061 1451 1103 vestri
1473 1074 1585 1102 com-

69 1132 336 1182 monachum,
367 1137 487 1173 extra
509 1132 782 1173 Conventum
802 1135 992 1173 vestrum
1024 1131 1070 1171 in
1093 1130 1322 1171 Conventu
1352 1127 1504 1168 Mon'ii
1536 1127 1587 1168 de

71 1198 211 1251 Selby,
246 1198 375 1239 vestri
404 1198 590 1248 Ordinis,
621 1198 715 1239 1000
740 1198 891 1251 utique
922 1197 1114 1246 honesto,
1136 1196 1190 1236 ad
1221 1207 1431 1249 expensas
1463 1193 1587 1234 dictae

69 1265 235 1305 Domus
255 1268 419 1313 vestrae,
440 1268 566 1318 prout
588 1277 661 1304 vos
693 1268 735 1305 et
765 1263 912 1304 Abbas
935 1262 1040 1303 dicti
1060 1261 1211 1302 Mon'ii
1234 1261 1285 1302 de
1310 1259 1440 1314 Selby
1462 1272 1590 1313 super

69 1330 149 1371 hoc
171 1330 424 1371 concordare
445 1330 653 1384 poteritis,
669 1330 721 1370 de
738 1328 1042 1370 deliberatione
1063 1327 1240 1381 provida
1270 1340 1345 1380 per
1365 1325 1588 1367 biennium

70 1395 359 1436 ordinavimus
383 1400 656 1445 moraturum,
677 1395 800 1435 vobis
821 1395 868 1434 in
888 1394 1050 1434 virtute
1067 1393 1319 1434 obedientiae
1335 1391 1590 1432 mandamus

72 1462 274 1515 quatinus
305 1462 443 1503 eidem
474 1461 645 1502 Thoniae
676 1473 885 1514 expensas
915 1473 991 1513 pro
1013 1459 1245 1500 esculentis
1278 1461 1320 1499 et
1349 1456 1589 1511 poculentis

72 1527 159 1568 suis
190 1527 237 1567 in
265 1527 458 1581 pecunia,
489 1526 722 1567 secundum
746 1525 860 1579 quod
890 1525 1003 1566 inter
1022 1538 1098 1566 vos
1131 1528 1173 1565 et
1194 1524 1355 1564 dictum
1376 1522 1589 1563 Abbatem

72 1594 124 1635 de
147 1593 276 1647 Selby
296 1596 555 1633 conventum
585 1592 727 1641 fuerit,
758 1591 925 1632 faciatis
958 1590 1100 1631 debite
1130 1588 1374 1637 ministrari,
1406 1591 1447 1628 et
1477 1587 1591 1627 ultra

74 1673 282 1713 expensas
303 1658 553 1712 hujusmodi
574 1657 711 1698 eidem
733 1670 809 1710 pro
831 1656 1095 1697 indumentis
1127 1655 1216 1696 suis
1248 1658 1290 1695 et
1321 1654 1416 1695 aliis
1447 1666 1590 1694 neces-

75 1725 195 1766 sariis
212 1725 390 1779 privatis
405 1723 643 1777 portionem
662 1722 855 1776 pecuniae
877 1721 1188 1770 rationabilem,
1204 1720 1274 1761 vel
1294 1719 1399 1761 alias
1421 1722 1591 1760 tantum

76 1794 287 1845 quantum
322 1790 397 1831 alii
434 1789 666 1830 confratres
704 1788 772 1829 sui
807 1787 1034 1841 recipiunt,
1069 1800 1146 1840 pro
1187 1790 1376 1839 tempore
1410 1798 1494 1838 quo
1531 1784 1591 1824 sic

76 1858 225 1898 absens
262 1856 402 1905 fuerit,
438 1855 605 1896 faciatis
640 1858 836 1908 prompte
876 1853 1113 1894 transmitti
1149 1855 1191 1893 et
1227 1851 1371 1892 debite
1410 1850 1593 1898 liberari,

75 1923 219 1963 taliter
251 1936 325 1963 vos
361 1922 566 1963 habentes
600 1925 650 1961 ut
680 1925 820 1961 vestra
850 1918 1091 1960 fraternalis
1123 1917 1295 1959 dilectio
1327 1916 1410 1958 sibi
1440 1916 1485 1956 in
1517 1929 1594 1956 sua

76 1988 269 2030 absentia
304 1992 476 2029 ostensa
516 1987 707 2028 animum
744 1999 870 2026 suum
913 1985 967 2026 ad
1003 1984 1224 2026 caritatem
1259 1982 1432 2032 alliciat,
1467 1986 1509 2023 et
1544 1986 1594 2022 ut

75 2058 261 2095 vestram
281 2053 665 2108 promptitudinem
686 2051 863 2105 provide
885 2049 1182 2092 commendare
1198 2049 1349 2090 merito
1365 2047 1593 2088 valeamus.

77 2120 148 2160 Ad
168 2120 271 2169 haec,
292 2119 392 2173 quia
413 2133 466 2160 ex
496 2118 702 2159 relatione
725 2116 1123 2159 Commissariorum
1155 2118 1397 2155 nostrorum
1418 2114 1472 2154 ad
1493 2113 1593 2154 visi-

77 2187 257 2228 tandum
278 2185 588 2226 Monasterium
609 2183 863 2238 praedictum
884 2196 959 2236 per
988 2195 1065 2222 nos
1091 2194 1229 2234 nuper
1249 2180 1593 2220 transmissorum

80 2251 307 2293 didicimus
340 2250 454 2304 quod
485 2263 602 2290 mora
637 2249 740 2289 D’ni
770 2248 901 2288 Alani
934 2247 986 2287 de
1018 2246 1102 2295 Ak,
1132 2245 1386 2298 Presbyteri,
1417 2258 1594 2285 consan-

79 2317 224 2371 guinei
263 2316 396 2357 vestri
430 2315 624 2364 Abbatis‚
659 2314 832 2354 Thomae
868 2313 919 2353 de
955 2311 1134 2352 Lelhom
1166 2316 1208 2351 et
1240 2344 1246 2351 .
1280 2341 1287 2351 .
1321 2343 1328 2351 .
1362 2343 1368 2351 .
1401 2310 1521 2350 vobis
1553 2314 1595 2350 et

81 2384 195 2424 dicto
231 2381 493 2422 Monasterio
528 2384 670 2421 vestro
707 2383 772 2420 est
805 2378 989 2418 nimium
1025 2376 1183 2424 odiosa,
1214 2380 1257 2416 et
1292 2375 1404 2416 inter
1433 2388 1509 2416 vos
1541 2388 1593 2416 ex

83 2449 300 2491 occasione
320 2447 527 2501 injurium
548 2459 635 2487 non
654 2445 870 2486 modicum
892 2443 1083 2492 inolevit,
1103 2442 1157 2483 ad
1187 2441 1424 2483 tollendum
1457 2441 1595 2481 omnis

83 2514 359 2556 dissensionis
389 2513 623 2561 materiam,
646 2515 689 2552 et
720 2525 770 2552 ex
795 2510 890 2551 aliis
913 2509 1051 2551 causis
1073 2507 1290 2562 legitimis,
1310 2507 1522 2556 volumus,
1553 2512 1597 2548 et

83 2581 205 2622 vobis
238 2581 284 2621 in
319 2579 479 2620 virtute
520 2577 773 2619 obedientiae
814 2576 993 2617 firmiter
1041 2574 1303 2629 injungendo
1344 2574 1596 2615 mandamus

84 2646 287 2701 quatinus
328 2645 553 2699 praefatum
602 2643 763 2683 D’num
807 2641 1008 2691 Alanum,
1049 2640 1267 2688 Thomam,
1309 2642 1353 2679 et
1384 2671 1595 2688 ......

85 2712 243 2761 statim,
264 2710 367 2751 visis
398 2708 690 2763 praesentibus,
721 2721 746 2748 a
773 2707 890 2747 dicto
921 2705 1151 2747 Monast’io
1182 2707 1322 2745 vestro
1353 2704 1596 2753 amoveatis,

84 2777 193 2826 illos,
222 2776 294 2817 vel
323 2775 496 2816 illorum
529 2773 727 2827 aliquem,
760 2772 814 2813 ad
847 2771 1098 2812 morandum
1130 2770 1243 2810 inter
1262 2782 1350 2818 VOS,
1371 2769 1450 2810 sub
1470 2782 1598 2822 poena

87 2841 365 2883 districtionis
401 2840 625 2888 canonicae,
656 2837 904 2878 nullatenus
936 2835 1176 2884 admissuri,
1206 2839 1332 2888 prout
1358 2848 1433 2888 per
1462 2835 1598 2876 dictos

89 2906 409 2949 Commissarios
430 2909 607 2953 nostros,
628 2904 731 2945 dum
761 2915 899 2956 nuper
928 2901 1041 2955 apud
1064 2914 1139 2941 vos
1171 2899 1413 2948 extiterant,
1443 2899 1489 2940 in
1519 2900 1598 2941 hac

88 2976 206 3027 parte
227 2973 365 3014 fuerat
386 2972 640 3021 ordinatum,
663 2968 944 3011 certificantes
965 2980 1041 3009 nos
1063 2970 1301 3021 opportuno
1325 2970 1516 3019 tempore
1547 2965 1598 3006 de
