1889 3221
376 339 737 372 OARTULARIUM
763 339 1032 371 ABBATHIAE
1058 339 1121 371 DE
1147 339 1391 373 WHITEBY.
1559 335 1640 372 493

131 449 280 490 debere
314 449 363 489 ad
395 449 602 489 vicarium
634 451 889 502 perpetuum
925 449 970 489 in
1006 448 1121 490 dicta
1152 450 1280 498 Eccl,
1302 454 1351 491 ut
1386 451 1642 504 praedicitur,

128 517 283 557 futuris
314 517 575 570 temporibus
607 516 822 570 perpetuis
854 517 1122 565 serviturum,
1154 517 1376 571 ipsamque
1404 518 1642 571 portionem

127 582 173 622 in
194 583 424 636 praemissis
447 583 687 636 specialiter
717 583 942 623 reservatis
976 583 1204 624 consistere
1237 584 1398 633 debere,
1420 584 1642 638 ipsamque

127 649 365 702 portionem
387 650 472 690 fere
494 663 723 704 congruam
744 663 820 703 pro
844 650 990 690 eodem
1013 648 1156 704 (153b)
1180 663 1232 690 ex
1254 664 1338 704 qua
1360 651 1641 705 com[m]0de1

128 716 361 756 sustentari
391 716 543 765 valeat,
576 722 619 757 et
651 716 907 770 episcopalia
939 717 1036 769 jura
1072 717 1245 766 solvere,
1278 717 1445 771 aliaque
1476 718 1641 759 incum-

127 781 272 823 bentia
294 796 420 824 onera
441 783 873 837 supportare—videl.
892 783 1085 824 invenire
1106 784 1348 837 capellanos
1365 784 1440 838 qui
1462 785 1643 826 ubilibet

126 847 172 888 in
195 849 309 889 dicta
329 849 530 903 parochia
551 854 861 890 consueveram
888 849 1096 890 inveniri:
1128 850 1231 890 item
1254 864 1391 890 unum
1413 851 1639 892 diaconum

127 914 173 954 in
206 915 320 956 dicta
356 915 454 956 eccl.
493 916 544 956 de
583 916 728 957 Semer
758 916 1086 965 ministrantem,
1118 921 1245 969 prout
1277 917 1475 958 Rectores
1508 919 1641 972 ejusd.

127 981 224 1022 eccl.
278 987 588 1023 consueverant
636 981 855 1023 invenire:
897 982 1001 1023 item
1042 982 1252 1023 luminare
1299 989 1543 1037 competens
1595 986 1640 1025 in

127 1048 264 1098 choro,
297 1053 340 1089 et
376 1052 624 1090 ornamenta
660 1062 707 1089 ac
743 1049 1011 1098 vestimenta,
1043 1054 1085 1090 et
1121 1049 1205 1090 alia
1241 1054 1491 1091 ornamenta
1532 1052 1641 1094 circa

128 1114 272 1164 altare,
307 1114 435 1156 libros
478 1120 520 1156 et
556 1115 639 1156 alia
675 1129 941 1169 quaecunque
978 1120 1228 1157 ornamenta
1263 1117 1310 1157 in
1341 1117 1490 1169 choro;
1522 1122 1564 1159 et
1592 1134 1641 1160 ea

127 1181 269 1221 omnia
301 1185 391 1222 tam
430 1181 635 1231 inveniat,
668 1195 808 1236 quam,
843 1182 1040 1236 quotiens
1075 1196 1180 1236 opus
1223 1183 1364 1232 fuerit,
1397 1185 1558 1226 reficiat
1599 1190 1641 1227 et

127 1248 345 1289 emendet:
385 1248 489 1288 item
530 1248 668 1289 solvat
698 1248 812 1289 idem
842 1248 1038 1298 vicarius,
1070 1249 1144 1302 qui
1174 1263 1249 1303 pro
1281 1254 1470 1304 tempore
1500 1251 1641 1301 fuerit,

127 1313 438 1355 Archidiacono
479 1314 699 1369 Estriding
738 1314 946 1363 visitanti,
987 1315 1326 1368 procurationem
1368 1320 1641 1358 consuetam:

126 1380 230 1421 item
261 1381 507 1435 synodalia:
543 1381 647 1422 item
678 1380 817 1421 solvat
853 1385 895 1421 et
931 1382 1082 1422 subeat
1113 1381 1196 1422 alia
1227 1396 1354 1423 onera
1385 1383 1641 1438 episcopalia

126 1448 262 1488 eidem
295 1448 392 1489 eccl.
425 1447 742 1488 incumbentia:
782 1447 887 1488 item
919 1447 1069 1488 subeat
1103 1453 1145 1488 et
1175 1448 1313 1489 solvat
1345 1463 1471 1490 onera
1502 1456 1638 1491 extra-

126 1514 338 1555 ordinaria
367 1528 442 1567 pro
474 1519 624 1568 quarta
655 1518 775 1567 parte
805 1514 1037 1554 taxationis
1070 1514 1166 1555 eccl.
1203 1515 1466 1569 supradictae.
1530 1517 1639 1558 Can-

127 1580 223 1622 celli
243 1594 342 1621 vero
364 1580 723 1621 constructionem
745 1594 912 1629 novam,
935 1580 970 1620 si
993 1581 1229 1635 contigerit,
1251 1595 1299 1622 ac
1329 1583 1639 1636 reparationem

126 1653 169 1690 et
190 1650 531 1690 emendationem
554 1649 756 1702 ejusdem,
779 1649 974 1703 quotiens
1006 1650 1252 1704 indiguerit,
1274 1651 1326 1691 ad
1348 1651 1482 1692 dictos
1504 1653 1637 1707 Relig.

126 1716 324 1756 volumus
365 1715 586 1769 pertinere.
651 1716 704 1755 In
746 1729 926 1769 quorum
968 1716 1161 1756 omnium
1202 1720 1296 1758 test.
1338 1731 1522 1771 praesens
1564 1733 1639 1772 per

128 1782 357 1823 Ricardum
410 1782 460 1822 de
513 1782 778 1832 Snoweshill,
830 1783 1301 1837 Notarium-publicum
1352 1790 1394 1825 et
1448 1785 1637 1827 Scribam

126 1853 330 1896 nostrum,
360 1848 500 1897 scribi,
533 1853 574 1888 et
606 1848 725 1902 signo
758 1848 849 1902 ejus
881 1853 1095 1898 consueto,
1127 1863 1175 1890 ac
1206 1863 1281 1903 per
1311 1850 1340 1889 J
1344 1849 1556 1892 ohannem
1588 1853 1639 1893 de

127 1915 392 1968 Hakthorpe,
428 1915 912 1968 Notarium-publicum,
951 1915 1171 1965 subscribi,
1208 1920 1251 1956 et
1280 1917 1400 1970 signo
1432 1931 1508 1958 suo
1540 1932 1638 1958 con-

125 1987 245 2023 sueto
277 1981 436 2036 signari
467 1982 734 2031 mandamus,
756 1986 798 2022 et
829 1981 960 2036 sigilli
990 1982 1126 2023 nostri
1157 1983 1433 2036 impressione
1465 1985 1635 2026 muniri.

127 2050 285 2090 Actum
317 2053 359 2089 et
390 2048 540 2088 datum
563 2049 676 2102 apud
698 2048 863 2102 Thorpe
884 2062 1015 2103 prope
1046 2049 1183 2099 Ebor.‚
1207 2050 1267 2090 vii
1290 2050 1352 2091 Id.
1376 2050 1638 2101 Decembris,

122 2115 171 2156 A.
195 2115 265 2156 Gr.
297 2114 526 2155 millesimo
548 2115 848 2156 trecentesimo
879 2114 1082 2156 vicesimo
1111 2115 1249 2165 tertio,
1282 2119 1323 2156 et
1355 2117 1636 2159 Pontificatus

125 2181 259 2222 nostri
281 2181 473 2236 septimo.

320 2339 459 2379 DLII.
484 2339 606 2392 (154)
639 2339 891 2379 InsTITUTIO
907 2338 922 2361 ‘2
943 2339 1171 2379 ECGLESIAE
1193 2349 1248 2379 DE
1271 2339 1431 2380 SEMAR.

182 2431 391 2472 Noverint
441 2429 628 2470 universi
675 2443 853 2483 quorum
905 2430 1082 2470 interest
1122 2430 1236 2483 quod
1276 2443 1364 2478 nos,
1414 2431 1635 2473 Dionisius

123 2497 318 2546 Avenell,
339 2496 674 2536 Archidiaconus
703 2495 932 2549 Estriding‚
954 2495 1223 2536 concedimus
1246 2497 1359 2549 quod
1392 2497 1520 2551 Relig.
1544 2499 1637 2548 viri,

122 2564 268 2604 Abbas
305 2567 347 2604 et
389 2563 517 2603 Conv.
551 2562 734 2602 Monast.
778 2561 829 2602 de
870 2561 1090 2615 Whiteby‚
1126 2562 1282 2615 quibus
1315 2562 1412 2603 eccl.
1444 2564 1635 2616 parochi-

123 2630 201 2671 alis
233 2630 284 2671 de
322 2629 467 2670 Semar
506 2642 580 2682 per
614 2628 903 2669 venerabilem
934 2632 1101 2682 patrem
1147 2628 1308 2669 D’num
1354 2629 1634 2679 XVillelmum,

121 2696 205 2737 Dei
244 2710 301 2750 gr.
338 2696 460 2736 Ebor.
501 2694 784 2748 Archiep'um‚
825 2694 992 2748 Angliae
1033 2694 1278 2744 Primatem‚
1320 2709 1516 2737 concessa
1558 2702 1633 2747 est,

122 2763 373 2802 auctoritate
393 2761 595 2815 Apostol.‚
619 2761 663 2801 in
686 2775 787 2802 usus
819 2774 916 2801 suos
947 2774 1082 2814 propr.
1107 2761 1282 2815 imperp.
1314 2762 1537 2803 retinenda
1552 2779 1560 2814 3
1592 2769 1635 2805 et

123 2829 250 2868 etiam
282 2828 333 2869 de
364 2828 510 2869 eadem
541 2828 713 2881 speciali
740 2827 875 2879 gratia
906 2832 971 2868 est
1001 2841 1258 2877 concessum,
1279 2832 1339 2877 ut,
1370 2828 1503 2881 ipsius
1536 2830 1632 2870 eccl.

123 2893 299 2934 Rectore
316 2893 390 2947 qui
405 2898 509 2934 tunc
526 2894 610 2934 fuit
631 2894 702 2935 ced
710 2898 819 2942 ente,
834 2893 904 2934 vel
921 2893 1049 2934 etiam
1072 2894 1310 2943 decedente,
1325 2895 1633 2948 possessionem

264 2975 275 2996 1
301 2977 448 3009 comodo.
976 2973 988 2994 2
1007 2975 1070 3008 See
1088 2976 1274 3019 preceding
1290 2976 1488 3008 document.
