1889 3221
225 328 309 366 650
469 335 753 370 CARTULARI
761 337 832 370 UM
857 337 1126 370 ABBATHIAE
1152 337 1215 370 DE
1240 338 1487 372 WHITEBY.

218 444 339 486 Ianos
361 449 564 500 perpetuo
585 447 733 487 divina
753 447 1039 489 celebraturos
1060 447 1106 488 in
1124 447 1298 502 Capella
1318 448 1365 489 B.
1384 447 1535 489 Mariae
1549 447 1739 501 Virginis

220 515 263 552 et
285 512 323 553 S.
346 512 492 553 Elenae
512 513 559 553 in
578 513 799 567 Wykham
821 514 1057 555 secundum
1077 514 1258 555 formam
1279 514 1569 565 ordinationis,
1587 515 1740 555 statuti

219 582 263 618 et
284 577 443 619 decreti
463 579 734 621 Venerabilis
755 581 888 634 patris
910 580 1014 621 D’ni
1034 580 1242 621 Willelmi
1262 581 1314 622 D.
1335 581 1384 622 G.
1401 580 1629 634 Archiep’i,
1650 584 1739 631 etc„

220 656 296 696 pro
327 643 470 685 anima
498 644 635 699 ipsius
656 646 685 687 J
689 646 869 687 ohannis
897 650 940 688 et
968 646 1191 686 animabus
1222 646 1416 686 omnium
1445 645 1638 686 fidelium
1668 646 1740 686 de-

221 710 760 753 functorum—Reddendo
796 717 838 753 et
868 712 1064 753 faciendo
1095 712 1256 753 eisdem
1287 711 1518 765 capellanis
1555 715 1598 753 et
1628 725 1738 753 succ.

221 775 308 815 suis
329 775 375 815 in
397 775 513 817 dicta
534 777 698 831 capella
728 777 1003 818 celebraturis
1035 777 1153 818 omni
1181 791 1294 818 anno
1324 778 1372 818 in
1401 780 1655 831 perpetuum
1677 777 1740 817 xii

221 855 382 882 marcas
404 843 569 896 argenti
590 847 795 885 exeuntes
818 844 869 885 de
891 844 1089 885 omnibus
1113 848 1155 885 et
1175 843 1356 898 singulis
1377 844 1500 885 terris
1523 847 1565 884 et
1584 847 1737 885 tenem.

220 907 535 960 praed—videl.
558 909 736 950 cuilibet
766 909 998 951 eorundem
1029 910 1295 951 sacerdotum
1318 909 1510 964 quolibet
1531 923 1642 950 anno
1664 923 1739 951 sex

222 986 383 1014 marcas
429 975 595 1028 argenti
640 975 827 1016 solvend.
870 975 1029 1016 eisdem
1075 976 1320 1030 capellanis,
1359 976 1430 1017 vel
1473 975 1551 1016 uni
1595 989 1740 1017 eorum

222 1038 398 1091 petenti,
421 1042 463 1080 et
484 1053 629 1080 eorum
650 1054 760 1081 succ.
784 1041 901 1081 omni
931 1054 1045 1081 anno
1075 1041 1121 1082 in
1151 1055 1280 1095 perp„
1302 1042 1416 1095 apud
1438 1041 1656 1095 Wykham
1686 1041 1739 1082 ad

224 1103 333 1144 festa
364 1104 636 1146 Pentecostes
668 1110 711 1147 et
743 1107 781 1147 S.
813 1107 939 1147 Mart.
961 1107 1008 1147 in
1038 1120 1161 1160 yeme
1191 1121 1267 1161 per
1297 1107 1481 1161 aequales
1511 1107 1738 1161 portiones.

223 1168 280 1208 Et
300 1170 329 1210 J
332 1169 397 1210 oh.
420 1170 472 1211 de
492 1171 712 1225 Wykham
742 1172 866 1225 praed.
890 1176 933 1213 et
960 1172 1057 1213 haer.
1080 1173 1147 1213 sui
1178 1173 1320 1214 omnia
1351 1177 1393 1215 et
1424 1173 1590 1227 singula
1619 1172 1739 1222 tofta,

222 1234 333 1285 t’ras‚
354 1236 466 1276 redd.
490 1241 533 1277 et
553 1241 706 1278 tenem.
738 1238 879 1291 praed„
901 1252 999 1279 cum
1030 1252 1140 1279 omn.
1164 1244 1207 1280 et
1231 1239 1335 1293 sing.
1366 1244 1470 1293 pert.
1492 1239 1592 1288 suis,
1612 1238 1738 1279 dictis

223 1301 439 1342 Priorissae
461 1306 503 1343 et
526 1302 657 1344 Conv.
681 1303 798 1344 Mon.
822 1303 874 1344 de
895 1304 1127 1357 Wykham,
1147 1308 1191 1345 et
1218 1318 1364 1345 eorum
1395 1318 1517 1354 succ,
1537 1305 1583 1344 in
1604 1305 1740 1345 forma

222 1366 350 1418 praed.
372 1380 403 1407 c.
427 1380 573 1409 omnes
594 1369 934 1409 warentizabunt
964 1373 1006 1410 et
1032 1369 1112 1410 def.
1134 1369 1180 1409 in
1201 1374 1464 1424 perpetuum.
1526 1371 1580 1410 In
1602 1384 1634 1411 c.
1656 1384 1687 1411 r.
1708 1374 1737 1411 t.

223 1432 335 1485 parti
364 1446 483 1486 praes.
510 1447 542 1476 c,
571 1434 805 1476 indentatae
835 1449 964 1489 penes
996 1436 1220 1489 praedictos
1251 1437 1502 1477 Priorissam
1533 1441 1575 1478 et
1607 1436 1738 1478 Conv.

222 1499 463 1540 remanenti
501 1500 617 1541 idem
652 1501 874 1543 <lohannes
911 1502 963 1543 de
998 1502 1218 1556 Wykham
1254 1503 1328 1557 sig.
1362 1516 1488 1544 suum
1528 1503 1740 1557 apposuit,

223 1568 266 1604 et
296 1564 420 1606 alteri
450 1566 563 1619 parti
594 1567 785 1620 ejusdem
816 1581 848 1608 c.
871 1582 1002 1621 penes
1034 1568 1218 1609 eundem
1237 1569 1267 1610 J
1271 1569 1482 1610 ohannem
1512 1582 1612 1610 rem.
1635 1568 1740 1609 dicti

224 1630 429 1672 Priorissa
459 1636 502 1673 et
533 1633 663 1674 Conv.
687 1633 760 1687 sig.
788 1647 935 1676 comm.
959 1635 1027 1675 sui
1058 1634 1249 1688 Capituli
1279 1639 1578 1689 apposuerunt.
1639 1635 1737 1676 Hiis

223 1697 416 1740 testibus.
476 1698 589 1739 D’no
621 1698 815 1740 Gilberto
846 1699 898 1740 de
928 1700 1071 1751 Aton;
1100 1701 1212 1742 D’no
1232 1700 1479 1742 Alexandro
1501 1701 1553 1742 de
1576 1702 1712 1756 Bargh
1728 1718 1738 1753 3

224 1762 451 1804 Militibus.
501 1764 531 1805 J
535 1764 703 1805 ohanne
719 1764 771 1805 de
788 1765 961 1806 Dalton.
1012 1765 1231 1807 Willelmo
1248 1766 1300 1807 de
1315 1767 1488 1820 Wyern.
1540 1767 1570 1807 J
1572 1767 1737 1809 ohanne

223 1827 390 1881 Moryn.
442 1829 663 1870 Willelmo
684 1830 806 1872 Bard.
866 1831 1086 1872 Willelmo
1108 1832 1456 1887 Thurnes[cogh].
1517 1833 1737 1874 Willelmo

222 1892 274 1933 de
315 1894 582 1947 Westhorpe.
656 1895 876 1936 Willelmo
918 1895 969 1936 de
1014 1897 1189 1938 Roston.
1264 1897 1425 1937 Thoma
1467 1898 1519 1938 de
1565 1898 1736 1939 Roston.

223 1958 384 1999 Thoma
414 1959 465 2000 de
492 1959 674 2013 Wylton
689 1975 698 2011 ;
731 1964 773 2000 et
802 1960 910 2002 aliis,
970 1961 1135 2002 Datum
1162 1962 1276 2015 apud
1296 1962 1514 2016 Wykham
1535 1963 1736 2004 vicesimo

223 2024 292 2065 die
313 2025 472 2065 mensis
493 2025 522 2065 J
526 2025 617 2065 unii
638 2025 690 2067 A.
713 2025 784 2066 Gr.
806 2031 949 2067 M0cccO
970 2026 1173 2068 vicesimo
1193 2027 1341 2080 primo.

279 2089 343 2130 Ac
364 2090 494 2130 etiam
523 2090 717 2143 praedicti
739 2091 943 2132 Priorissa
964 2096 1007 2133 et
1029 2092 1160 2133 Conv.
1183 2092 1300 2134 Mon.
1323 2092 1375 2134 de
1395 2093 1615 2147 Wykham
1637 2094 1736 2135 sub-

223 2155 443 2196 mittentes
465 2169 509 2196 se
530 2159 573 2196 et
594 2169 703 2197 succ.
726 2169 836 2205 suos,
857 2170 905 2198 ac
926 2157 1056 2198 etiam
1084 2158 1305 2199 ecclesiam
1335 2159 1464 2212 praed.
1485 2163 1527 2200 et
1547 2160 1736 2201 Domum

223 2234 345 2262 suam
375 2221 644 2271 ordinationi,
674 2226 848 2272 statuto,
869 2222 1049 2273 decreto,
1080 2223 1219 2274 laudo,
1249 2225 1434 2275 arbitrio,
1460 2225 1662 2266 decisioni
1693 2229 1736 2267 et

221 2287 470 2328 diffinitioni
499 2288 656 2329 nostris
688 2302 814 2342 super
843 2289 1041 2330 omnibus
1072 2293 1114 2330 et
1145 2290 1324 2345 singulis
1355 2291 1546 2332 articulis
1577 2291 1736 2332 dictam

223 2352 468 2402 cantariam,
489 2357 532 2394 et
553 2353 605 2393 de
627 2354 718 2407 ejus
739 2353 941 2395 firmitate
962 2355 1290 2409 quibuscunque
1311 2356 1448 2398 modis
1469 2357 1559 2398 fieri
1579 2357 1736 2410 poterit

221 2417 428 2465 faciendo,
457 2418 811 2472 qualitercunque
834 2420 1120 2474 tangentibus,
1145 2434 1220 2473 per
1239 2421 1382 2462 literas
1414 2435 1511 2463 suas
1540 2426 1735 2476 patentes

222 2481 374 2523 harum
410 2483 563 2524 seriem
599 2485 869 2526 continentes
887 2485 1181 2527 z—Universis
1214 2500 1314 2528 vero
1353 2488 1550 2529 fidelibus
1590 2492 1736 2542 pateat

221 2560 295 2599 per
334 2551 564 2601 praesentes
604 2550 718 2603 quod
759 2564 848 2600 nos,
888 2551 1085 2601 Isabella,
1125 2551 1331 2594 Priorissa
1379 2553 1638 2595 Monialium
1682 2555 1735 2595 de

221 2612 452 2665 Wykham,
473 2617 516 2654 et
543 2614 735 2668 ejusdem
764 2615 849 2656 loci
871 2615 1131 2666 Conventus,
1152 2617 1204 2658 ad
1236 2618 1601 2668 consentiendum,
1622 2632 1734 2660 com—

220 2677 557 2729 promittendum
579 2683 622 2720 et
642 2680 984 2722 submittendum
1005 2695 1083 2723 nos
1106 2687 1148 2723 et
1169 2696 1277 2724 succ.
1295 2687 1473 2733 nostros,
1494 2684 1732 2724 ecclesiam-

219 2755 303 2794 que
323 2746 512 2784 nostram
533 2744 585 2785 de
606 2745 825 2798 Wykham
846 2760 975 2799 quam
995 2746 1041 2787 in
1061 2748 1253 2801 proprios
1283 2761 1386 2789 usus
1417 2748 1671 2797 obtinemus,
1691 2752 1734 2790 et

219 2805 409 2846 Domum
428 2812 617 2849 nostram
637 2823 764 2863 super
780 2811 961 2864 quadam
983 2815 1188 2865 perpetua
1208 2813 1395 2853 cantaria
1415 2813 1448 2852 ii
1468 2813 1733 2854 sacerdotum

218 2871 265 2911 in
296 2871 470 2924 Capella
500 2873 545 2914 B.
579 2874 728 2916 Mariae
757 2876 874 2930 Virg.
907 2880 950 2918 et
980 2877 1021 2918 S.
1046 2877 1191 2918 Elenae
1220 2878 1267 2918 in
1297 2877 1516 2931 Wykham
1545 2877 1591 2918 in
1621 2882 1733 2920 terra

218 2935 451 2988 parochiali
500 2939 690 2979 matricis
736 2941 924 2982 ecclesiae
963 2946 1119 2983 nostrae
1162 2942 1291 2996 praed.
1331 2956 1407 2996 per
1445 2956 1535 2992 nos»,
1574 2944 1731 2985 nostris

217 3001 459 3055 sumptibus
479 3003 671 3056 propriis,
701 3004 854 3059 [omni]
887 3010 1076 3060 tempore
1106 3007 1376 3058 invenienda,
1407 3011 1449 3049 et
1480 3009 1570 3062 ejus
1601 3009 1729 3050 firmi-
