1889 3221
342 367 702 402 CARTULARIUM
727 367 997 399 ABBATHIAE
1023 367 1087 400 DE
1111 366 1357 399 WHITEBY.
1525 360 1605 397 643

97 478 307 520 Mon'ium
347 482 391 519 et
430 477 668 518 manerium
708 477 912 530 praedicta
952 476 1306 531 qualitercunque
1346 476 1609 530 pertinentes

96 543 366 594 ordinationi,
405 543 545 592 laudo,
585 543 767 592 decreto,
803 545 846 584 et
887 542 1002 583 dicto
1033 543 1242 585 Venerab.
1278 542 1412 596 patris
1449 545 1491 583 et
1522 542 1609 582 d’ni

96 610 242 660 nostri,
272 609 376 651 D'ni
395 609 617 658 Willelmi,
640 609 692 650 D.
717 608 766 650 G.
788 609 911 650 Ebor.
933 608 1163 663 Archiep’i,
1193 609 1364 663 Angliae
1396 609 1610 658 Primatis‚

96 680 307 730 quantum
346 676 393 716 in
433 675 557 716 nobis
598 675 666 725 sit,
706 675 1002 724 submittendi,
1042 675 1178 729 ipsius
1219 675 1531 716 ordinationem
1567 679 1611 715 et

95 742 274 783 laudum
303 741 480 796 petendi
500 744 543 782 et
569 741 865 795 prosequendi,
888 746 931 782 et
960 741 1007 782 in
1028 746 1231 783 eventum
1262 741 1504 791 eorundem,
1535 745 1610 782 aut

97 809 390 863 cujuscunque
411 808 463 850 de
480 808 651 858 eisdem,
668 822 717 849 ea
738 808 1002 862 approbandi
1023 812 1065 849 et
1086 808 1353 863 emologandi
1374 812 1418 850 et
1434 822 1610 849 consen-

96 874 235 916 tiendi
256 875 416 916 eisdem
437 874 634 915 omnibus
656 877 699 915 et
720 873 901 929 singulis
921 874 1162 929 pertinent„
1179 888 1257 916 nos
1272 879 1425 924 ratum,
1440 878 1609 929 gratum

98 944 141 981 et
171 941 341 981 firmum
370 940 603 989 habituros,
624 940 897 994 perfecturos,
919 954 994 981 seu
1024 940 1288 994 impleturos,
1310 944 1436 994 prout
1457 940 1511 981 ad
1532 954 1610 981 nos

98 1007 295 1061 pertinet,
320 1020 397 1048 seu
425 1006 669 1060 pertinebit,
694 1011 738 1047 et
768 1009 981 1060 quatenus
1012 1006 1058 1047 in
1089 1006 1212 1047 nobis
1242 1007 1383 1056 fuerit,
1414 1020 1489 1047 seu
1519 1019 1610 1047 esse

98 1073 265 1127 poterit,
293 1072 498 1127 quicquid
527 1072 642 1114 idem
662 1073 931 1114 Venerabilis
963 1076 1084 1127 pater
1110 1073 1223 1114 inter
1255 1086 1332 1113 nos
1363 1076 1406 1114 et
1437 1073 1611 1114 fratrem

97 1139 305 1180 Thomam
321 1139 373 1180 de
388 1138 558 1180 Malton
573 1139 825 1193 praedictum
839 1139 1010 1180 duxerit
1026 1139 1322 1188 ordinandum,
1335 1139 1612 1188 laudandum,

99 1220 174 1248 seu
195 1205 513 1260 quomodolibet
535 1205 860 1256 decernendum,
882 1206 1012 1247 etiam
1033 1206 1070 1247 si
1090 1205 1275 1247 voluerit
1305 1206 1464 1259 absque
1495 1206 1612 1246 omni

97 1286 235 1314 causae
284 1272 538 1326 cognitione,
578 1272 706 1326 plena
747 1275 822 1313 aut
861 1272 1102 1321 summaria,
1139 1272 1323 1326 strepitu
1363 1276 1438 1313 aut
1477 1272 1614 1326 figura

93 1338 257 1393 judicii,
277 1342 405 1392 prout
425 1338 581 1380 viderit
602 1342 678 1379 aut
709 1338 936 1380 crediderit
956 1339 1180 1392 expedire3
1206 1339 1450 1392 juramenta
1471 1339 1613 1388 etiam,

98 1409 188 1446 tam
219 1404 271 1446 de
292 1404 537 1459 calumpnia
558 1419 688 1459 quam
709 1406 761 1447 de
781 1405 959 1447 veritate
981 1405 1174 1455 dicenda,
1195 1409 1237 1446 et
1258 1405 1479 1458 quodlibet
1496 1405 1613 1445 aliud

99 1484 232 1526 genus
272 1471 382 1511 liciti
422 1472 676 1512 sacramenti
715 1472 761 1512 in
792 1471 956 1513 animas
991 1475 1157 1512 nostras
1189 1471 1431 1525 przestandi,
1465 1471 1614 1524 positi-

99 1537 254 1578 onibus
285 1541 329 1578 et
359 1537 761 1591 interrogationibus
792 1537 897 1578 dicti
921 1537 1054 1591 patris
1081 1536 1378 1590 respondendi,
1410 1536 1615 1586 defectus,

101 1602 394 1644 excusationes
411 1606 454 1644 et
469 1603 788 1656 impedimenta,
800 1603 898 1657 jura
914 1607 957 1644 et
971 1604 1156 1644 rationes
1178 1616 1255 1644 nos
1277 1606 1319 1644 et
1335 1603 1616 1644 Monast’ium

101 1671 297 1709 nostrum
317 1668 686 1722 qualitercumque
708 1668 1007 1723 contingentes
1028 1669 1305 1723 proponendi,
1327 1669 1542 1723 allegandi
1573 1672 1616 1710 et

102 1733 320 1788 probandi,
336 1748 384 1776 ac
401 1735 543 1775 omnia
558 1734 642 1775 alia
658 1737 701 1775 et
721 1734 890 1789 singula
911 1739 1057 1776 nostro
1079 1735 1253 1776 nomine
1273 1735 1469 1785 faciendi,
1486 1735 1615 1776 etiam

103 1801 140 1842 si
155 1801 408 1842 mandatum
424 1801 604 1856 exigunt
624 1801 818 1854 speciale,
870 1802 952 1842 Pro
975 1801 1134 1842 eisdem
1150 1815 1249 1843 vero
1264 1802 1615 1842 Procuratoribus

102 1866 270 1916 nostris,
300 1869 343 1908 et
373 1880 518 1908 eorum
552 1866 879 1921 quibuscunque
910 1867 1088 1916 duobus,
1120 1881 1226 1921 quos
1257 1871 1488 1920 praesentes
1524 1881 1617 1908 esse

103 1932 338 1987 contigerit,
353 1933 595 1987 judicatum
625 1932 746 1983 solvi,
775 1933 1014 1974 cautionem
1046 1934 1125 1974 sub
1156 1933 1367 1987 ypotheca
1397 1947 1536 1975 rerum
1565 1934 1618 1975 ad

102 2011 180 2039 nos
216 2002 260 2039 et
293 1998 620 2052 quibuscunque
661 1998 799 2040 causis
830 1999 1183 2053 qualitercunque
1223 1999 1483 2053 pertinentia
1522 2014 1616 2053 pro-

103 2064 316 2105 mittimus
347 2067 390 2106 et
421 2065 684 2118 exponimus.
747 2065 802 2105 In
833 2066 956 2120 cujus
985 2066 1047 2106 rei
1068 2066 1365 2107 testimonium
1386 2069 1617 2119 praesentes

103 2130 380 2184 impressione
401 2130 639 2171 communis
662 2130 793 2185 sigilli
813 2131 918 2172 dicti
939 2131 1092 2172 Mon'ii
1114 2136 1156 2172 et
1177 2131 1416 2172 munimine
1437 2132 1618 2173 fecimus

101 2196 296 2237 roborari.
358 2197 519 2237 Datum
551 2197 598 2237 in
627 2197 856 2238 Monast'io
887 2201 1032 2238 nostro
1063 2197 1178 2251 apud
1198 2197 1407 2251 Whiteby
1428 2198 1488 2238 vii
1514 2198 1620 2239 Idus

102 2263 132 2303 J
136 2261 213 2302 ulii
246 2261 295 2303 A.
333 2262 383 2303 Gr.
416 2268 560 2304 M000c0
600 2262 803 2303 vicesimo
837 2262 1034 2303 secundo.
1096 2263 1152 2303 Et
1188 2265 1237 2302 ut
1278 2262 1368 2302 haec
1409 2263 1619 2303 ordinatio

104 2330 248 2367 nostra
286 2331 379 2367 rata
418 2327 486 2376 sit,
519 2327 685 2368 stabilis
725 2331 855 2380 atque
895 2327 1028 2376 firma,
1064 2326 1319 2367 mandamus
1361 2340 1453 2367 eam
1489 2327 1619 2380 sigilli

105 2392 240 2433 nostri
260 2392 538 2446 impressione
560 2393 736 2447 dignari.
797 2393 961 2433 Datum
984 2393 1097 2446 apud
1121 2392 1260 2446 Thorp
1282 2406 1411 2446 prope
1432 2393 1553 2434 Ebor.
1571 2392 1620 2433 iii

106 2458 211 2500 Idus
232 2458 342 2500 Julii
362 2458 414 2500 A.
437 2459 487 2501 G.
509 2459 764 2513 supradicto,
784 2459 1067 2500 Pontificatus
1088 2459 1223 2500 nostri
1245 2459 1405 2513 quinto.

558 2614 724 2656 DCIII.
758 2613 957 2668 (Melton,
977 2614 1003 2655 f.
1029 2613 1162 2668 23912.)

273 2697 588 2737 PROOLAMATIO
610 2706 691 2737 PRO
716 2707 878 2737 ELECTO
900 2696 1128 2738 MONACHO
1150 2708 1206 2737 DE
1228 2697 1454 2738 WHITEBY.

165 2787 424 2837 Willelmus‚
457 2789 548 2837 etc,
584 2786 741 2828 dilecto
771 2786 872 2836 filio,
904 2787 1088 2828 Officiali
1129 2787 1432 2828 Archidiaconi
1468 2788 1622 2842 Clyve-

108 2853 220 2903 land,
253 2854 447 2903 salutem,
468 2853 650 2908 gratiam
681 2856 723 2894 et
753 2853 1105 2894 benedictionem.
1168 2854 1277 2895 Cum
1297 2858 1475 2895 vacante
1495 2854 1622 2895 Mon-

109 2919 262 2960 asterio
294 2919 346 2960 de
381 2919 600 2973 Whiteby,
637 2922 791 2960 nostrae
828 2918 1065 2968 dioeceseos,
1097 2933 1172 2973 per
1208 2919 1442 2961 cessionem
1477 2921 1620 2962 fratris

110 2983 282 3025 Thomae
313 2984 365 3025 de
395 2984 576 3034 Malton,
598 2983 744 3025 ultimi
763 2984 946 3025 Abbatis
976 2984 1180 3038 ejusdem,
1209 2985 1384 3026 fratrem
1414 2986 1617 3027 'rhomam

111 3049 162 3090 de
203 3049 518 3104 Haukesgarth,
568 3050 672 3092 dicti
713 3049 864 3091 Mon'ii
915 3050 1278 3101 commonachum,
1319 3051 1364 3091 in
1404 3051 1619 3092 Abbatem
