<?xml version="1.0" encoding="UTF-8"?>
<!DOCTYPE html PUBLIC "-//W3C//DTD XHTML 1.0 Transitional//EN"
    "http://www.w3.org/TR/xhtml1/DTD/xhtml1-transitional.dtd">
<html xmlns="http://www.w3.org/1999/xhtml" xml:lang="en" lang="en">
 <head>
  <title>
</title>
<meta http-equiv="Content-Type" content="text/html;charset=utf-8" />
  <meta name='ocr-system' content='tesseract 3.04.00' />
  <meta name='ocr-capabilities' content='ocr_page ocr_carea ocr_par ocr_line ocrx_word'/>
</head>
<body>
  <div class='ocr_page' id='page_1' title='image "./cartulariumabbat02whit_0384.png"; bbox 0 0 1889 3221; ppageno 0'>
   <div class='ocr_carea' id='block_1_1' title="bbox 285 272 1546 315">
    <p class='ocr_par' dir='ltr' id='par_1_1' title="bbox 285 272 1546 315">
     <span class='ocr_line' id='line_1_1' title="bbox 285 272 1546 315; baseline 0.003 -5"><span class='ocrx_word' id='word_1_1' title='bbox 285 272 365 310; x_wconf 83' lang='lat'>720</span> <span class='ocrx_word' id='word_1_2' title='bbox 525 277 889 315; x_wconf 78' lang='lat' dir='ltr'><strong>CARTULARIUM</strong></span> <span class='ocrx_word' id='word_1_3' title='bbox 914 282 1185 315; x_wconf 88' lang='lat' dir='ltr'><strong>ABBATHIAE</strong></span> <span class='ocrx_word' id='word_1_4' title='bbox 1210 281 1273 314; x_wconf 91' lang='lat' dir='ltr'>DE</span> <span class='ocrx_word' id='word_1_5' title='bbox 1299 282 1546 314; x_wconf 84' lang='lat' dir='ltr'>WHITEBY.</span> 
     </span>
    </p>
   </div>
   <div class='ocr_carea' id='block_1_2' title="bbox 270 390 1795 1170">
    <p class='ocr_par' dir='ltr' id='par_1_2' title="bbox 270 390 1795 1170">
     <span class='ocr_line' id='line_1_2' title="bbox 279 390 1795 446; baseline 0 -15"><span class='ocrx_word' id='word_1_6' title='bbox 279 403 374 443; x_wconf 86' lang='lat' dir='ltr'>quae</span> <span class='ocrx_word' id='word_1_7' title='bbox 395 390 537 431; x_wconf 89' lang='lat' dir='ltr'>omnia</span> <span class='ocrx_word' id='word_1_8' title='bbox 558 395 601 431; x_wconf 91' lang='lat' dir='ltr'>et</span> <span class='ocrx_word' id='word_1_9' title='bbox 621 391 791 446; x_wconf 84' lang='lat' dir='ltr'>singula</span> <span class='ocrx_word' id='word_1_10' title='bbox 812 391 1012 441; x_wconf 86' lang='lat' dir='ltr'>dominia,</span> <span class='ocrx_word' id='word_1_11' title='bbox 1031 391 1233 441; x_wconf 84' lang='lat' dir='ltr'>maneria,</span> <span class='ocrx_word' id='word_1_12' title='bbox 1253 391 1342 432; x_wconf 67' lang='lat' dir='ltr'>t&#39;rae</span> <span class='ocrx_word' id='word_1_13' title='bbox 1358 394 1401 433; x_wconf 92' lang='lat' dir='ltr'>et</span> <span class='ocrx_word' id='word_1_14' title='bbox 1421 394 1677 441; x_wconf 87' lang='lat' dir='ltr'>tenementa,</span> <span class='ocrx_word' id='word_1_15' title='bbox 1698 405 1795 432; x_wconf 87' lang='lat' dir='ltr'>cum</span> 
     </span>
     <span class='ocr_line' id='line_1_3' title="bbox 278 456 1795 511; baseline 0.001 -15"><span class='ocrx_word' id='word_1_16' title='bbox 278 456 374 497; x_wconf 88' lang='lat' dir='ltr'>aliis</span> <span class='ocrx_word' id='word_1_17' title='bbox 402 457 740 510; x_wconf 79' lang='lat' dir='ltr'>possessionibus</span> <span class='ocrx_word' id='word_1_18' title='bbox 770 457 912 511; x_wconf 69' lang='lat' dir='ltr'>praed„</span> <span class='ocrx_word' id='word_1_19' title='bbox 943 457 997 498; x_wconf 90' lang='lat' dir='ltr'>ad</span> <span class='ocrx_word' id='word_1_20' title='bbox 1027 471 1179 498; x_wconf 90' lang='lat' dir='ltr'>manus</span> <span class='ocrx_word' id='word_1_21' title='bbox 1211 457 1560 499; x_wconf 72' lang='lat' dir='ltr'>excellentissimi</span> <span class='ocrx_word' id='word_1_22' title='bbox 1589 457 1795 511; x_wconf 85' lang='lat' dir='ltr'>principis</span> 
     </span>
     <span class='ocr_line' id='line_1_4' title="bbox 278 522 1795 573; baseline 0 -12"><span class='ocrx_word' id='word_1_23' title='bbox 278 535 394 563; x_wconf 89' lang='lat' dir='ltr'>nunc</span> <span class='ocrx_word' id='word_1_24' title='bbox 411 522 542 564; x_wconf 84' lang='lat' dir='ltr'>Henr.</span> <span class='ocrx_word' id='word_1_25' title='bbox 560 533 652 564; x_wconf 89' lang='lat' dir='ltr'><strong>VIII.</strong></span> <span class='ocrx_word' id='word_1_26' title='bbox 670 523 722 563; x_wconf 92' lang='lat' dir='ltr'>D.</span> <span class='ocrx_word' id='word_1_27' title='bbox 743 522 806 573; x_wconf 67' lang='lat' dir='ltr'>Gn,</span> <span class='ocrx_word' id='word_1_28' title='bbox 823 526 913 572; x_wconf 91' lang='lat' dir='ltr'>etc.,</span> <span class='ocrx_word' id='word_1_29' title='bbox 930 523 1205 573; x_wconf 88' lang='lat' dir='ltr'>devenerunt,</span> <span class='ocrx_word' id='word_1_30' title='bbox 1221 526 1264 564; x_wconf 91' lang='lat' dir='ltr'>et</span> <span class='ocrx_word' id='word_1_31' title='bbox 1284 524 1331 563; x_wconf 90' lang='lat' dir='ltr'>in</span> <span class='ocrx_word' id='word_1_32' title='bbox 1346 537 1477 564; x_wconf 89' lang='lat' dir='ltr'>manu</span> <span class='ocrx_word' id='word_1_33' title='bbox 1499 536 1574 563; x_wconf 84' lang='lat' dir='ltr'>sua</span> <span class='ocrx_word' id='word_1_34' title='bbox 1591 523 1795 571; x_wconf 83' lang='lat' dir='ltr'>existunt,</span> 
     </span>
     <span class='ocr_line' id='line_1_5' title="bbox 276 587 1795 643; baseline 0.001 -16"><span class='ocrx_word' id='word_1_35' title='bbox 276 587 439 628; x_wconf 88' lang='lat' dir='ltr'>ratione</span> <span class='ocrx_word' id='word_1_36' title='bbox 479 588 624 629; x_wconf 80' lang='lat' dir='ltr'>liberae</span> <span class='ocrx_word' id='word_1_37' title='bbox 665 589 965 643; x_wconf 82' lang='lat' dir='ltr'>resignationis</span> <span class='ocrx_word' id='word_1_38' title='bbox 1007 594 1049 630; x_wconf 88' lang='lat' dir='ltr'>et</span> <span class='ocrx_word' id='word_1_39' title='bbox 1089 589 1382 630; x_wconf 72' lang='lat' dir='ltr'>dissolutionis</span> <span class='ocrx_word' id='word_1_40' title='bbox 1424 589 1614 642; x_wconf 83' lang='lat' dir='ltr'>ejusdem</span> <span class='ocrx_word' id='word_1_41' title='bbox 1659 603 1795 642; x_wconf 90' lang='lat' dir='ltr'>nuper</span> 
     </span>
     <span class='ocr_line' id='line_1_6' title="bbox 278 653 1795 709; baseline 0.001 -16"><span class='ocrx_word' id='word_1_42' title='bbox 278 653 430 694; x_wconf 90' lang='lat' dir='ltr'>Mon&#39;ii</span> <span class='ocrx_word' id='word_1_43' title='bbox 469 654 516 694; x_wconf 93' lang='lat' dir='ltr'>in</span> <span class='ocrx_word' id='word_1_44' title='bbox 555 667 709 695; x_wconf 87' lang='lat' dir='ltr'>manus</span> <span class='ocrx_word' id='word_1_45' title='bbox 751 659 793 695; x_wconf 92' lang='lat' dir='ltr'>et</span> <span class='ocrx_word' id='word_1_46' title='bbox 835 654 1162 708; x_wconf 76' lang='lat' dir='ltr'>dispositionem</span> <span class='ocrx_word' id='word_1_47' title='bbox 1203 655 1393 708; x_wconf 84' lang='lat' dir='ltr'>ejusdem</span> <span class='ocrx_word' id='word_1_48' title='bbox 1430 655 1517 695; x_wconf 89' lang='lat' dir='ltr'>d’ni</span> <span class='ocrx_word' id='word_1_49' title='bbox 1557 655 1685 709; x_wconf 81' lang='lat' dir='ltr'>Regis</span> <span class='ocrx_word' id='word_1_50' title='bbox 1720 668 1795 708; x_wconf 84' lang='lat' dir='ltr'>per</span> 
     </span>
     <span class='ocr_line' id='line_1_7' title="bbox 279 719 1794 773; baseline 0.001 -14"><span class='ocrx_word' id='word_1_51' title='bbox 279 719 512 759; x_wconf 84' lang='lat' dir='ltr'>Robertum</span> <span class='ocrx_word' id='word_1_52' title='bbox 556 719 738 770; x_wconf 89' lang='lat' dir='ltr'>Davell&#39;,</span> <span class='ocrx_word' id='word_1_53' title='bbox 784 733 920 773; x_wconf 81' lang='lat' dir='ltr'>nuper</span> <span class='ocrx_word' id='word_1_54' title='bbox 959 720 1176 760; x_wconf 88' lang='lat' dir='ltr'>Abbatem</span> <span class='ocrx_word' id='word_1_55' title='bbox 1217 720 1322 761; x_wconf 88' lang='lat' dir='ltr'>dicti</span> <span class='ocrx_word' id='word_1_56' title='bbox 1370 734 1507 773; x_wconf 89' lang='lat' dir='ltr'>nuper</span> <span class='ocrx_word' id='word_1_57' title='bbox 1554 720 1705 760; x_wconf 89' lang='lat' dir='ltr'>Mon’ii</span> <span class='ocrx_word' id='word_1_58' title='bbox 1751 724 1794 761; x_wconf 93' lang='lat' dir='ltr'>et</span> 
     </span>
     <span class='ocr_line' id='line_1_8' title="bbox 277 785 1795 837; baseline 0.001 -12"><span class='ocrx_word' id='word_1_59' title='bbox 277 785 409 837; x_wconf 88' lang='lat' dir='ltr'>ejusd.</span> <span class='ocrx_word' id='word_1_60' title='bbox 439 785 522 826; x_wconf 91' lang='lat' dir='ltr'>loci</span> <span class='ocrx_word' id='word_1_61' title='bbox 555 786 700 835; x_wconf 68' lang='lat' dir='ltr'>Conv„</span> <span class='ocrx_word' id='word_1_62' title='bbox 730 785 876 826; x_wconf 83' lang='lat' dir='ltr'>xiiiimo</span> <span class='ocrx_word' id='word_1_63' title='bbox 906 785 974 827; x_wconf 92' lang='lat' dir='ltr'>die</span> <span class='ocrx_word' id='word_1_64' title='bbox 1006 786 1255 827; x_wconf 81' lang='lat' dir='ltr'>Decembris</span> <span class='ocrx_word' id='word_1_65' title='bbox 1285 786 1345 826; x_wconf 85' lang='grc' dir='ltr'>Α0</span> <span class='ocrx_word' id='word_1_66' title='bbox 1375 786 1532 826; x_wconf 76' lang='lat' dir='ltr'>xxxim0</span> <span class='ocrx_word' id='word_1_67' title='bbox 1568 786 1672 826; x_wconf 88' lang='lat' dir='ltr'>dicti</span> <span class='ocrx_word' id='word_1_68' title='bbox 1708 786 1795 826; x_wconf 89' lang='lat' dir='ltr'>d’ni</span> 
     </span>
     <span class='ocr_line' id='line_1_9' title="bbox 278 851 1795 906; baseline 0.001 -16"><span class='ocrx_word' id='word_1_69' title='bbox 278 851 553 905; x_wconf 80' lang='lat' dir='ltr'>Regis—scil.</span> <span class='ocrx_word' id='word_1_70' title='bbox 594 851 706 892; x_wconf 84' lang='lat' dir='ltr'>infra</span> <span class='ocrx_word' id='word_1_71' title='bbox 745 854 915 905; x_wconf 88' lang='lat' dir='ltr'>tempus</span> <span class='ocrx_word' id='word_1_72' title='bbox 956 851 1085 906; x_wconf 80' lang='lat' dir='ltr'>hujus</span> <span class='ocrx_word' id='word_1_73' title='bbox 1127 851 1314 906; x_wconf 87' lang='lat' dir='ltr'>compoti</span> <span class='ocrx_word' id='word_1_74' title='bbox 1355 865 1524 893; x_wconf 85' lang='lat' dir='ltr'>sursum</span> <span class='ocrx_word' id='word_1_75' title='bbox 1564 852 1714 893; x_wconf 83' lang='lat' dir='ltr'>reddit.</span> <span class='ocrx_word' id='word_1_76' title='bbox 1752 855 1795 892; x_wconf 94' lang='lat' dir='ltr'>et</span> 
     </span>
     <span class='ocr_line' id='line_1_10' title="bbox 276 917 1795 972; baseline 0.001 -15"><span class='ocrx_word' id='word_1_77' title='bbox 276 917 408 958; x_wconf 86' lang='lat' dir='ltr'>libere</span> <span class='ocrx_word' id='word_1_78' title='bbox 432 917 629 971; x_wconf 77' lang='lat' dir='ltr'>resignat.</span> <span class='ocrx_word' id='word_1_79' title='bbox 660 918 1082 971; x_wconf 74' lang='lat' dir='ltr'>computati—videl.</span> <span class='ocrx_word' id='word_1_80' title='bbox 1109 932 1133 959; x_wconf 90' lang='lat' dir='ltr'>a</span> <span class='ocrx_word' id='word_1_81' title='bbox 1161 918 1269 959; x_wconf 86' lang='lat' dir='ltr'>festo</span> <span class='ocrx_word' id='word_1_82' title='bbox 1302 918 1340 959; x_wconf 83' lang='lat' dir='ltr'>S.</span> <span class='ocrx_word' id='word_1_83' title='bbox 1373 918 1504 959; x_wconf 90' lang='lat' dir='ltr'>Mich.</span> <span class='ocrx_word' id='word_1_84' title='bbox 1538 917 1795 972; x_wconf 88' lang='lat' dir='ltr'>Archangeli</span> 
     </span>
     <span class='ocr_line' id='line_1_11' title="bbox 277 982 1794 1038; baseline 0 -15"><span class='ocrx_word' id='word_1_85' title='bbox 277 983 404 1036; x_wconf 84' lang='lat' dir='ltr'>praed.</span> <span class='ocrx_word' id='word_1_86' title='bbox 433 997 545 1023; x_wconf 89' lang='lat' dir='ltr'>anno</span> <span class='ocrx_word' id='word_1_87' title='bbox 573 983 678 1024; x_wconf 92' lang='lat' dir='ltr'>dicti</span> <span class='ocrx_word' id='word_1_88' title='bbox 707 982 794 1024; x_wconf 92' lang='lat' dir='ltr'>d&#39;ni</span> <span class='ocrx_word' id='word_1_89' title='bbox 825 983 952 1038; x_wconf 85' lang='lat' dir='ltr'>Regis</span> <span class='ocrx_word' id='word_1_90' title='bbox 981 998 1095 1025; x_wconf 91' lang='lat' dir='ltr'>nunc</span> <span class='ocrx_word' id='word_1_91' title='bbox 1127 984 1258 1024; x_wconf 91' lang='lat' dir='ltr'>Henr.</span> <span class='ocrx_word' id='word_1_92' title='bbox 1282 995 1372 1025; x_wconf 89' lang='lat' dir='ltr'><strong>VIII.</strong></span> <span class='ocrx_word' id='word_1_93' title='bbox 1401 984 1555 1024; x_wconf 76' lang='lat' dir='ltr'>xxxim0</span> <span class='ocrx_word' id='word_1_94' title='bbox 1576 998 1711 1037; x_wconf 89' lang='lat' dir='ltr'>usque</span> <span class='ocrx_word' id='word_1_95' title='bbox 1741 983 1794 1024; x_wconf 89' lang='lat' dir='ltr'>ad</span> 
     </span>
     <span class='ocr_line' id='line_1_12' title="bbox 270 1048 1793 1103; baseline 0.001 -15"><span class='ocrx_word' id='word_1_96' title='bbox 270 1048 390 1089; x_wconf 83' lang='lat' dir='ltr'>&#39;idem</span> <span class='ocrx_word' id='word_1_97' title='bbox 424 1049 516 1090; x_wconf 81' lang='lat' dir='ltr'>fest.</span> <span class='ocrx_word' id='word_1_98' title='bbox 552 1049 589 1090; x_wconf 82' lang='lat' dir='ltr'>S.</span> <span class='ocrx_word' id='word_1_99' title='bbox 632 1049 691 1089; x_wconf 91' lang='lat' dir='ltr'>M.</span> <span class='ocrx_word' id='word_1_100' title='bbox 734 1048 945 1103; x_wconf 80' lang='lat' dir='ltr'>Archang.</span> <span class='ocrx_word' id='word_1_101' title='bbox 983 1063 1036 1090; x_wconf 85' lang='lat' dir='ltr'>ex</span> <span class='ocrx_word' id='word_1_102' title='bbox 1076 1054 1181 1090; x_wconf 89' lang='lat' dir='ltr'>tunc</span> <span class='ocrx_word' id='word_1_103' title='bbox 1220 1063 1336 1103; x_wconf 80' lang='lat' dir='ltr'>prox,</span> <span class='ocrx_word' id='word_1_104' title='bbox 1378 1053 1581 1103; x_wconf 87' lang='lat' dir='ltr'>sequente</span> <span class='ocrx_word' id='word_1_105' title='bbox 1617 1063 1728 1091; x_wconf 89' lang='lat' dir='ltr'>anno</span> <span class='ocrx_word' id='word_1_106' title='bbox 1764 1063 1793 1089; x_wconf 91' lang='lat' dir='ltr'>r.</span> 
     </span>
     <span class='ocr_line' id='line_1_13' title="bbox 278 1114 1736 1170; baseline 0.002 -16"><span class='ocrx_word' id='word_1_107' title='bbox 278 1114 469 1168; x_wconf 85' lang='lat' dir='ltr'>ejusdem</span> <span class='ocrx_word' id='word_1_108' title='bbox 491 1114 578 1155; x_wconf 90' lang='lat' dir='ltr'>d&#39;ni</span> <span class='ocrx_word' id='word_1_109' title='bbox 598 1114 726 1169; x_wconf 84' lang='lat' dir='ltr'>Regis</span> <span class='ocrx_word' id='word_1_110' title='bbox 748 1114 1055 1157; x_wconf 77' lang='lat' dir='ltr'>xxxiid0—soil.</span> <span class='ocrx_word' id='word_1_111' title='bbox 1077 1129 1154 1169; x_wconf 89' lang='lat' dir='ltr'>per</span> <span class='ocrx_word' id='word_1_112' title='bbox 1173 1129 1309 1156; x_wconf 86' lang='lat' dir='ltr'>unum</span> <span class='ocrx_word' id='word_1_113' title='bbox 1330 1128 1491 1156; x_wconf 87' lang='lat' dir='ltr'>annum</span> <span class='ocrx_word' id='word_1_114' title='bbox 1511 1116 1736 1170; x_wconf 85' lang='lat' dir='ltr'>integrum.</span> 
     </span>
    </p>
   </div>
   <div class='ocr_carea' id='block_1_3' title="bbox 756 1223 1312 1265">
    <p class='ocr_par' dir='ltr' id='par_1_3' title="bbox 756 1223 1312 1265">
     <span class='ocr_line' id='line_1_14' title="bbox 756 1223 1312 1265; baseline 0.004 -2"><span class='ocrx_word' id='word_1_115' title='bbox 756 1223 1011 1265; x_wconf 83' lang='lat' dir='ltr'><strong>MANERIUM</strong></span> <span class='ocrx_word' id='word_1_116' title='bbox 1033 1234 1089 1264; x_wconf 86' lang='lat' dir='ltr'>DE</span> <span class='ocrx_word' id='word_1_117' title='bbox 1110 1224 1312 1265; x_wconf 80' lang='lat' dir='ltr'><strong>WHITBY.</strong></span> 
     </span>
    </p>
   </div>
   <div class='ocr_carea' id='block_1_4' title="bbox 278 1321 1796 2952">
    <p class='ocr_par' dir='ltr' id='par_1_4' title="bbox 279 1321 1795 1441">
     <span class='ocr_line' id='line_1_15' title="bbox 339 1321 1795 1377; baseline 0.001 -15"><span class='ocrx_word' id='word_1_118' title='bbox 339 1321 576 1376; x_wconf 86' lang='lat' dir='ltr'>Computus</span> <span class='ocrx_word' id='word_1_119' title='bbox 607 1321 819 1362; x_wconf 83' lang='lat' dir='ltr'>Willelmi</span> <span class='ocrx_word' id='word_1_120' title='bbox 853 1321 1022 1371; x_wconf 88' lang='lat' dir='ltr'>Davell,</span> <span class='ocrx_word' id='word_1_121' title='bbox 1056 1322 1161 1364; x_wconf 87' lang='lat' dir='ltr'>Coll.</span> <span class='ocrx_word' id='word_1_122' title='bbox 1192 1322 1305 1363; x_wconf 90' lang='lat' dir='ltr'>redd.</span> <span class='ocrx_word' id='word_1_123' title='bbox 1339 1325 1381 1363; x_wconf 95' lang='lat' dir='ltr'>et</span> <span class='ocrx_word' id='word_1_124' title='bbox 1411 1322 1518 1364; x_wconf 86' lang='lat' dir='ltr'>firm.</span> <span class='ocrx_word' id='word_1_125' title='bbox 1549 1322 1636 1363; x_wconf 88' lang='lat' dir='ltr'>d&#39;ni</span> <span class='ocrx_word' id='word_1_126' title='bbox 1667 1323 1795 1377; x_wconf 83' lang='lat' dir='ltr'>Regis</span> 
     </span>
     <span class='ocr_line' id='line_1_16' title="bbox 279 1387 1011 1441; baseline 0.001 -14"><span class='ocrx_word' id='word_1_127' title='bbox 279 1388 438 1428; x_wconf 87' lang='lat' dir='ltr'>ibidem</span> <span class='ocrx_word' id='word_1_128' title='bbox 459 1401 535 1441; x_wconf 89' lang='lat' dir='ltr'>per</span> <span class='ocrx_word' id='word_1_129' title='bbox 555 1392 726 1441; x_wconf 87' lang='lat' dir='ltr'>tempus</span> <span class='ocrx_word' id='word_1_130' title='bbox 746 1387 1011 1441; x_wconf 73' lang='lat' dir='ltr'>praedictum.</span> 
     </span>
    </p>

    <p class='ocr_par' dir='ltr' id='par_1_5' title="bbox 337 1453 1759 1508">
     <span class='ocr_line' id='line_1_17' title="bbox 337 1453 1759 1508; baseline 0 -14"><span class='ocrx_word' id='word_1_131' title='bbox 337 1453 820 1502; x_wconf 80' lang='lat' dir='ltr'>ARRERAGIA.—Nulla,</span> <span class='ocrx_word' id='word_1_132' title='bbox 843 1453 944 1506; x_wconf 88' lang='lat' dir='ltr'>quia</span> <span class='ocrx_word' id='word_1_133' title='bbox 963 1453 1127 1507; x_wconf 86' lang='lat' dir='ltr'>primus</span> <span class='ocrx_word' id='word_1_134' title='bbox 1149 1457 1381 1508; x_wconf 87' lang='lat' dir='ltr'>compotus.</span> <span class='ocrx_word' id='word_1_135' title='bbox 1444 1454 1621 1495; x_wconf 88' lang='lat' dir='ltr'>Summa</span> <span class='ocrx_word' id='word_1_136' title='bbox 1643 1454 1759 1495; x_wconf 91' lang='lat' dir='ltr'>null&#39;.</span> 
     </span>
    </p>

    <p class='ocr_par' dir='ltr' id='par_1_6' title="bbox 279 1519 1794 1626">
     <span class='ocr_line' id='line_1_18' title="bbox 337 1519 1794 1574; baseline 0.001 -15"><span class='ocrx_word' id='word_1_137' title='bbox 337 1519 485 1559; x_wconf 80' lang='lat' dir='ltr'><strong>FIRMA</strong></span> <span class='ocrx_word' id='word_1_138' title='bbox 525 1528 761 1560; x_wconf 82' lang='lat' dir='ltr'><strong>TERRARUM</strong></span> <span class='ocrx_word' id='word_1_139' title='bbox 802 1520 1276 1562; x_wconf 84' lang='lat' dir='ltr'>DOMINICARUM.-Sed</span> <span class='ocrx_word' id='word_1_140' title='bbox 1312 1519 1411 1560; x_wconf 83' lang='lat' dir='ltr'>vide</span> <span class='ocrx_word' id='word_1_141' title='bbox 1454 1524 1700 1574; x_wconf 87' lang='lat' dir='ltr'>compotum</span> <span class='ocrx_word' id='word_1_142' title='bbox 1742 1520 1794 1561; x_wconf 87' lang='lat' dir='ltr'>de</span> 
     </span>
     <span class='ocr_line' id='line_1_19' title="bbox 279 1584 676 1626; baseline 0.003 -1"><span class='ocrx_word' id='word_1_143' title='bbox 279 1585 424 1625; x_wconf 87' lang='lat' dir='ltr'>xxvli.</span> <span class='ocrx_word' id='word_1_144' title='bbox 447 1585 522 1625; x_wconf 90' lang='lat' dir='ltr'>iis.</span> <span class='ocrx_word' id='word_1_145' title='bbox 545 1584 625 1625; x_wconf 89' lang='lat' dir='ltr'>viii</span> <span class='ocrx_word' id='word_1_146' title='bbox 638 1585 676 1626; x_wconf 95' lang='lat' dir='ltr'>d.</span> 
     </span>
    </p>

    <p class='ocr_par' dir='ltr' id='par_1_7' title="bbox 278 1650 1796 2952">
     <span class='ocr_line' id='line_1_20' title="bbox 337 1650 1794 1705; baseline 0.001 -14"><span class='ocrx_word' id='word_1_147' title='bbox 337 1652 394 1692; x_wconf 88' lang='lat' dir='ltr'>Et</span> <span class='ocrx_word' id='word_1_148' title='bbox 424 1651 475 1691; x_wconf 94' lang='lat' dir='ltr'>de</span> <span class='ocrx_word' id='word_1_149' title='bbox 508 1651 630 1691; x_wconf 89' lang='lat' dir='ltr'>firma</span> <span class='ocrx_word' id='word_1_150' title='bbox 663 1650 796 1692; x_wconf 88' lang='lat' dir='ltr'>scitus</span> <span class='ocrx_word' id='word_1_151' title='bbox 829 1650 935 1692; x_wconf 86' lang='lat' dir='ltr'>dicti</span> <span class='ocrx_word' id='word_1_152' title='bbox 968 1665 1104 1705; x_wconf 88' lang='lat' dir='ltr'>nuper</span> <span class='ocrx_word' id='word_1_153' title='bbox 1141 1651 1305 1701; x_wconf 88' lang='lat' dir='ltr'>Mon&#39;ii,</span> <span class='ocrx_word' id='word_1_154' title='bbox 1341 1666 1427 1692; x_wconf 84' lang='lat' dir='ltr'>una</span> <span class='ocrx_word' id='word_1_155' title='bbox 1462 1665 1560 1693; x_wconf 92' lang='lat' dir='ltr'>cum</span> <span class='ocrx_word' id='word_1_156' title='bbox 1596 1651 1794 1693; x_wconf 90' lang='lat' dir='ltr'>omnibus</span> 
     </span>
     <span class='ocr_line' id='line_1_21' title="bbox 279 1716 1794 1772; baseline 0 -14"><span class='ocrx_word' id='word_1_157' title='bbox 279 1717 487 1766; x_wconf 88' lang='lat' dir='ltr'>domibus,</span> <span class='ocrx_word' id='word_1_158' title='bbox 508 1716 710 1766; x_wconf 70' lang='lat' dir='ltr'>aedificiis,</span> <span class='ocrx_word' id='word_1_159' title='bbox 732 1716 1017 1766; x_wconf 76' lang='lat' dir='ltr'>columbariis,</span> <span class='ocrx_word' id='word_1_160' title='bbox 1038 1718 1155 1766; x_wconf 86' lang='lat' dir='ltr'>ortis,</span> <span class='ocrx_word' id='word_1_161' title='bbox 1175 1717 1390 1771; x_wconf 89' lang='lat' dir='ltr'>pomeriis,</span> <span class='ocrx_word' id='word_1_162' title='bbox 1411 1717 1611 1771; x_wconf 85' lang='lat' dir='ltr'>gardinis,</span> <span class='ocrx_word' id='word_1_163' title='bbox 1633 1718 1794 1772; x_wconf 82' lang='lat' dir='ltr'>stagnis</span> 
     </span>
     <span class='ocr_line' id='line_1_22' title="bbox 280 1782 1794 1837; baseline 0 -14"><span class='ocrx_word' id='word_1_164' title='bbox 280 1787 323 1823; x_wconf 91' lang='lat' dir='ltr'>et</span> <span class='ocrx_word' id='word_1_165' title='bbox 336 1782 432 1823; x_wconf 84' lang='lat' dir='ltr'>aliis</span> <span class='ocrx_word' id='word_1_166' title='bbox 446 1782 824 1823; x_wconf 84' lang='lat' dir='ltr'>commoditatibus</span> <span class='ocrx_word' id='word_1_167' title='bbox 846 1782 959 1822; x_wconf 81' lang='lat' dir='ltr'>infra</span> <span class='ocrx_word' id='word_1_168' title='bbox 974 1783 1254 1836; x_wconf 85' lang='lat' dir='ltr'>praecinctum</span> <span class='ocrx_word' id='word_1_169' title='bbox 1272 1783 1462 1836; x_wconf 86' lang='lat' dir='ltr'>ejusdem</span> <span class='ocrx_word' id='word_1_170' title='bbox 1478 1797 1616 1837; x_wconf 88' lang='lat' dir='ltr'>nuper</span> <span class='ocrx_word' id='word_1_171' title='bbox 1631 1783 1794 1832; x_wconf 86' lang='lat' dir='ltr'>Mon’ii,</span> 
     </span>
     <span class='ocr_line' id='line_1_23' title="bbox 279 1847 1796 1902; baseline 0 -14"><span class='ocrx_word' id='word_1_172' title='bbox 279 1862 328 1888; x_wconf 87' lang='lat' dir='ltr'>ac</span> <span class='ocrx_word' id='word_1_173' title='bbox 360 1862 458 1888; x_wconf 87' lang='lat' dir='ltr'>cum</span> <span class='ocrx_word' id='word_1_174' title='bbox 488 1848 611 1888; x_wconf 88' lang='lat' dir='ltr'>terris</span> <span class='ocrx_word' id='word_1_175' title='bbox 642 1847 974 1888; x_wconf 89' lang='lat' dir='ltr'>dominicalibus</span> <span class='ocrx_word' id='word_1_176' title='bbox 1005 1848 1140 1889; x_wconf 89' lang='lat' dir='ltr'>eidem</span> <span class='ocrx_word' id='word_1_177' title='bbox 1176 1848 1526 1902; x_wconf 88' lang='lat' dir='ltr'>[pertinentibus]</span> <span class='ocrx_word' id='word_1_178' title='bbox 1559 1848 1796 1902; x_wconf 88' lang='lat' dir='ltr'>subscript.,</span> 
     </span>
     <span class='ocr_line' id='line_1_24' title="bbox 278 1912 1795 1967; baseline 0.001 -14"><span class='ocrx_word' id='word_1_179' title='bbox 278 1916 404 1967; x_wconf 86' lang='lat' dir='ltr'>prout</span> <span class='ocrx_word' id='word_1_180' title='bbox 433 1913 480 1953; x_wconf 90' lang='lat' dir='ltr'>in</span> <span class='ocrx_word' id='word_1_181' title='bbox 509 1919 661 1953; x_wconf 86' lang='lat' dir='ltr'>tenura</span> <span class='ocrx_word' id='word_1_182' title='bbox 695 1926 831 1965; x_wconf 91' lang='lat' dir='ltr'>nuper</span> <span class='ocrx_word' id='word_1_183' title='bbox 860 1912 1043 1953; x_wconf 89' lang='lat' dir='ltr'>Abbatis</span> <span class='ocrx_word' id='word_1_184' title='bbox 1076 1918 1119 1954; x_wconf 93' lang='lat' dir='ltr'>et</span> <span class='ocrx_word' id='word_1_185' title='bbox 1151 1914 1280 1954; x_wconf 84' lang='lat' dir='ltr'>Conv.</span> <span class='ocrx_word' id='word_1_186' title='bbox 1313 1914 1440 1967; x_wconf 86' lang='lat' dir='ltr'>hujus</span> <span class='ocrx_word' id='word_1_187' title='bbox 1472 1927 1608 1967; x_wconf 87' lang='lat' dir='ltr'>nuper</span> <span class='ocrx_word' id='word_1_188' title='bbox 1642 1914 1795 1954; x_wconf 90' lang='lat' dir='ltr'>Mon’ii</span> 
     </span>
     <span class='ocr_line' id='line_1_25' title="bbox 278 1978 1793 2032; baseline 0 -13"><span class='ocrx_word' id='word_1_189' title='bbox 278 1978 638 2020; x_wconf 84' lang='lat' dir='ltr'>suerunt—videl.</span> <span class='ocrx_word' id='word_1_190' title='bbox 661 1978 765 2018; x_wconf 86' lang='lat' dir='ltr'>firm.</span> <span class='ocrx_word' id='word_1_191' title='bbox 789 1978 922 2019; x_wconf 88' lang='lat' dir='ltr'>scitus</span> <span class='ocrx_word' id='word_1_192' title='bbox 943 1978 1048 2019; x_wconf 91' lang='lat' dir='ltr'>dicti</span> <span class='ocrx_word' id='word_1_193' title='bbox 1078 1992 1216 2032; x_wconf 89' lang='lat' dir='ltr'>nuper</span> <span class='ocrx_word' id='word_1_194' title='bbox 1237 1979 1387 2019; x_wconf 86' lang='lat' dir='ltr'>Mon&#39;ii</span> <span class='ocrx_word' id='word_1_195' title='bbox 1409 1979 1460 2019; x_wconf 92' lang='lat' dir='ltr'>de</span> <span class='ocrx_word' id='word_1_196' title='bbox 1481 1978 1674 2032; x_wconf 90' lang='lat' dir='ltr'>Whetby</span> <span class='ocrx_word' id='word_1_197' title='bbox 1696 1992 1793 2019; x_wconf 86' lang='lat' dir='ltr'>cum</span> 
     </span>
     <span class='ocr_line' id='line_1_26' title="bbox 279 2043 1793 2098; baseline -0.001 -13"><span class='ocrx_word' id='word_1_198' title='bbox 279 2044 562 2094; x_wconf 82' lang='lat' dir='ltr'>columbariis,</span> <span class='ocrx_word' id='word_1_199' title='bbox 595 2043 710 2093; x_wconf 88' lang='lat' dir='ltr'>ortis,</span> <span class='ocrx_word' id='word_1_200' title='bbox 734 2043 947 2097; x_wconf 85' lang='lat' dir='ltr'>pomeriis,</span> <span class='ocrx_word' id='word_1_201' title='bbox 967 2044 1154 2098; x_wconf 84' lang='lat' dir='ltr'>gardinis</span> <span class='ocrx_word' id='word_1_202' title='bbox 1177 2048 1220 2085; x_wconf 90' lang='lat' dir='ltr'>et</span> <span class='ocrx_word' id='word_1_203' title='bbox 1250 2044 1345 2084; x_wconf 87' lang='lat' dir='ltr'>aliis</span> <span class='ocrx_word' id='word_1_204' title='bbox 1375 2044 1487 2084; x_wconf 86' lang='lat' dir='ltr'>infra</span> <span class='ocrx_word' id='word_1_205' title='bbox 1516 2044 1793 2097; x_wconf 62' lang='lat' dir='ltr'>praecinctum</span> 
     </span>
     <span class='ocr_line' id='line_1_27' title="bbox 279 2108 1794 2164; baseline 0 -14"><span class='ocrx_word' id='word_1_206' title='bbox 279 2110 492 2164; x_wconf 85' lang='lat' dir='ltr'>ejusdem:</span> <span class='ocrx_word' id='word_1_207' title='bbox 523 2109 588 2150; x_wconf 94' lang='lat' dir='ltr'>Ac</span> <span class='ocrx_word' id='word_1_208' title='bbox 609 2122 708 2150; x_wconf 92' lang='lat' dir='ltr'>cum</span> <span class='ocrx_word' id='word_1_209' title='bbox 728 2123 814 2149; x_wconf 91' lang='lat' dir='ltr'>uno</span> <span class='ocrx_word' id='word_1_210' title='bbox 832 2108 975 2149; x_wconf 85' lang='lat' dir='ltr'>clauso</span> <span class='ocrx_word' id='word_1_211' title='bbox 996 2122 1084 2150; x_wconf 90' lang='lat' dir='ltr'>voc.</span> <span class='ocrx_word' id='word_1_212' title='bbox 1107 2109 1311 2163; x_wconf 86' lang='lat' dir='ltr'>Farmery</span> <span class='ocrx_word' id='word_1_213' title='bbox 1333 2109 1469 2149; x_wconf 84' lang='lat' dir='ltr'>Garth</span> <span class='ocrx_word' id='word_1_214' title='bbox 1486 2114 1595 2150; x_wconf 92' lang='lat' dir='ltr'>cont.</span> <span class='ocrx_word' id='word_1_215' title='bbox 1617 2109 1728 2150; x_wconf 85' lang='lat' dir='ltr'>infra</span> <span class='ocrx_word' id='word_1_216' title='bbox 1750 2124 1794 2151; x_wconf 91' lang='lat' dir='ltr'>se</span> 
     </span>
     <span class='ocr_line' id='line_1_28' title="bbox 281 2174 1793 2229; baseline 0 -13"><span class='ocrx_word' id='word_1_217' title='bbox 281 2189 356 2229; x_wconf 87' lang='lat' dir='ltr'>per</span> <span class='ocrx_word' id='word_1_218' title='bbox 376 2174 703 2216; x_wconf 72' lang='lat' dir='ltr'>aestimationem</span> <span class='ocrx_word' id='word_1_219' title='bbox 725 2188 752 2214; x_wconf 87' lang='lat' dir='ltr'><strong>v</strong></span> <span class='ocrx_word' id='word_1_220' title='bbox 783 2187 911 2224; x_wconf 83' lang='lat' dir='ltr'>acras,</span> <span class='ocrx_word' id='word_1_221' title='bbox 943 2178 987 2215; x_wconf 92' lang='lat' dir='ltr'>et</span> <span class='ocrx_word' id='word_1_222' title='bbox 1007 2174 1122 2215; x_wconf 86' lang='lat' dir='ltr'>valet</span> <span class='ocrx_word' id='word_1_223' title='bbox 1142 2188 1217 2228; x_wconf 87' lang='lat' dir='ltr'>per</span> <span class='ocrx_word' id='word_1_224' title='bbox 1248 2188 1344 2215; x_wconf 85' lang='lat' dir='ltr'>ann.</span> <span class='ocrx_word' id='word_1_225' title='bbox 1375 2174 1482 2215; x_wconf 83' lang='lat' dir='ltr'>xxvi</span> <span class='ocrx_word' id='word_1_226' title='bbox 1496 2188 1527 2216; x_wconf 90' lang='lat' dir='ltr'>s.</span> <span class='ocrx_word' id='word_1_227' title='bbox 1549 2175 1625 2215; x_wconf 86' lang='lat' dir='ltr'>viii</span> <span class='ocrx_word' id='word_1_228' title='bbox 1638 2175 1674 2216; x_wconf 93' lang='lat' dir='ltr'>d.</span> <span class='ocrx_word' id='word_1_229' title='bbox 1735 2176 1793 2216; x_wconf 93' lang='lat' dir='ltr'>Et</span> 
     </span>
     <span class='ocr_line' id='line_1_29' title="bbox 279 2239 1794 2294; baseline -0.001 -12"><span class='ocrx_word' id='word_1_230' title='bbox 279 2242 331 2282; x_wconf 92' lang='lat' dir='ltr'>de</span> <span class='ocrx_word' id='word_1_231' title='bbox 352 2242 473 2281; x_wconf 90' lang='lat' dir='ltr'>firma</span> <span class='ocrx_word' id='word_1_232' title='bbox 502 2240 632 2281; x_wconf 90' lang='lat' dir='ltr'>unius</span> <span class='ocrx_word' id='word_1_233' title='bbox 664 2240 799 2281; x_wconf 86' lang='lat' dir='ltr'>clausi</span> <span class='ocrx_word' id='word_1_234' title='bbox 828 2240 941 2293; x_wconf 82' lang='lat' dir='ltr'>prati</span> <span class='ocrx_word' id='word_1_235' title='bbox 961 2253 1051 2281; x_wconf 90' lang='lat' dir='ltr'>voc.</span> <span class='ocrx_word' id='word_1_236' title='bbox 1074 2240 1345 2294; x_wconf 82' lang='lat' dir='ltr'>Pedlyngton</span> <span class='ocrx_word' id='word_1_237' title='bbox 1376 2239 1556 2289; x_wconf 89' lang='lat' dir='ltr'>Feildes,</span> <span class='ocrx_word' id='word_1_238' title='bbox 1587 2244 1695 2281; x_wconf 88' lang='lat' dir='ltr'>cont.</span> <span class='ocrx_word' id='word_1_239' title='bbox 1718 2254 1794 2294; x_wconf 84' lang='lat' dir='ltr'>per</span> 
     </span>
     <span class='ocr_line' id='line_1_30' title="bbox 279 2306 1792 2359; baseline -0.001 -11"><span class='ocrx_word' id='word_1_240' title='bbox 279 2308 428 2349; x_wconf 82' lang='lat' dir='ltr'>aestim.</span> <span class='ocrx_word' id='word_1_241' title='bbox 470 2321 561 2347; x_wconf 82' lang='lat' dir='ltr'>xxx</span> <span class='ocrx_word' id='word_1_242' title='bbox 600 2320 728 2356; x_wconf 87' lang='lat' dir='ltr'>acras,</span> <span class='ocrx_word' id='word_1_243' title='bbox 768 2319 842 2359; x_wconf 89' lang='lat' dir='ltr'>per</span> <span class='ocrx_word' id='word_1_244' title='bbox 882 2320 978 2346; x_wconf 92' lang='lat' dir='ltr'>ann.</span> <span class='ocrx_word' id='word_1_245' title='bbox 1017 2306 1063 2346; x_wconf 87' lang='lat' dir='ltr'>xl</span> <span class='ocrx_word' id='word_1_246' title='bbox 1077 2319 1106 2347; x_wconf 90' lang='lat' dir='ltr'>s.</span> <span class='ocrx_word' id='word_1_247' title='bbox 1179 2306 1238 2346; x_wconf 90' lang='lat' dir='ltr'>Et</span> <span class='ocrx_word' id='word_1_248' title='bbox 1271 2320 1406 2346; x_wconf 87' lang='lat' dir='ltr'>unum</span> <span class='ocrx_word' id='word_1_249' title='bbox 1439 2306 1631 2347; x_wconf 89' lang='lat' dir='ltr'>clausum</span> <span class='ocrx_word' id='word_1_250' title='bbox 1670 2309 1792 2347; x_wconf 81' lang='lat' dir='ltr'>terrae</span> 
     </span>
     <span class='ocr_line' id='line_1_31' title="bbox 280 2371 1794 2425; baseline -0.001 -11"><span class='ocrx_word' id='word_1_251' title='bbox 280 2373 452 2414; x_wconf 86' lang='lat' dir='ltr'>arabilis</span> <span class='ocrx_word' id='word_1_252' title='bbox 486 2385 574 2413; x_wconf 89' lang='lat' dir='ltr'>voc.</span> <span class='ocrx_word' id='word_1_253' title='bbox 610 2371 932 2425; x_wconf 88' lang='lat' dir='ltr'>Wyndemylne</span> <span class='ocrx_word' id='word_1_254' title='bbox 964 2371 1125 2412; x_wconf 88' lang='lat' dir='ltr'>Flattes</span> <span class='ocrx_word' id='word_1_255' title='bbox 1162 2376 1272 2413; x_wconf 88' lang='lat' dir='ltr'>cont.</span> <span class='ocrx_word' id='word_1_256' title='bbox 1303 2385 1379 2425; x_wconf 90' lang='lat' dir='ltr'>per</span> <span class='ocrx_word' id='word_1_257' title='bbox 1413 2372 1560 2412; x_wconf 80' lang='lat' dir='ltr'>aestim.</span> <span class='ocrx_word' id='word_1_258' title='bbox 1604 2385 1663 2411; x_wconf 89' lang='lat' dir='ltr'>xx</span> <span class='ocrx_word' id='word_1_259' title='bbox 1699 2385 1794 2421; x_wconf 62' lang='lat' dir='ltr'>aer„</span> 
     </span>
     <span class='ocr_line' id='line_1_32' title="bbox 281 2437 1789 2492; baseline -0.001 -12"><span class='ocrx_word' id='word_1_260' title='bbox 281 2474 288 2480; x_wconf 89' lang='lat'><strong><em>.</em></strong></span> <span class='ocrx_word' id='word_1_261' title='bbox 327 2473 334 2480; x_wconf 94' lang='lat'><em>.</em></span> <span class='ocrx_word' id='word_1_262' title='bbox 372 2472 380 2479; x_wconf 92' lang='lat'>.</span> <span class='ocrx_word' id='word_1_263' title='bbox 418 2452 494 2492; x_wconf 90' lang='lat' dir='ltr'>per</span> <span class='ocrx_word' id='word_1_264' title='bbox 533 2451 628 2478; x_wconf 90' lang='lat' dir='ltr'>ann.</span> <span class='ocrx_word' id='word_1_265' title='bbox 665 2451 724 2477; x_wconf 83' lang='lat' dir='ltr'>xx</span> <span class='ocrx_word' id='word_1_266' title='bbox 745 2450 775 2478; x_wconf 83' lang='lat' dir='ltr'>s.</span> <span class='ocrx_word' id='word_1_267' title='bbox 856 2438 912 2477; x_wconf 90' lang='lat' dir='ltr'>Et</span> <span class='ocrx_word' id='word_1_268' title='bbox 951 2451 1087 2478; x_wconf 89' lang='lat' dir='ltr'>unum</span> <span class='ocrx_word' id='word_1_269' title='bbox 1128 2437 1321 2478; x_wconf 86' lang='lat' dir='ltr'>clausum</span> <span class='ocrx_word' id='word_1_270' title='bbox 1360 2438 1448 2478; x_wconf 85' lang='lat' dir='ltr'>t&#39;rae</span> <span class='ocrx_word' id='word_1_271' title='bbox 1488 2437 1660 2478; x_wconf 80' lang='lat' dir='ltr'>arabilis</span> <span class='ocrx_word' id='word_1_272' title='bbox 1699 2451 1789 2478; x_wconf 89' lang='lat' dir='ltr'>voc.</span> 
     </span>
     <span class='ocr_line' id='line_1_33' title="bbox 281 2502 1791 2556; baseline -0.002 -11"><span class='ocrx_word' id='word_1_273' title='bbox 281 2503 541 2552; x_wconf 87' lang='lat' dir='ltr'>Latheclose‚</span> <span class='ocrx_word' id='word_1_274' title='bbox 576 2506 686 2544; x_wconf 90' lang='lat' dir='ltr'>cont.</span> <span class='ocrx_word' id='word_1_275' title='bbox 716 2516 791 2556; x_wconf 91' lang='lat' dir='ltr'>per</span> <span class='ocrx_word' id='word_1_276' title='bbox 826 2503 975 2544; x_wconf 88' lang='lat' dir='ltr'>aestim.</span> <span class='ocrx_word' id='word_1_277' title='bbox 1011 2517 1101 2543; x_wconf 84' lang='lat' dir='ltr'>xxx</span> <span class='ocrx_word' id='word_1_278' title='bbox 1134 2516 1263 2552; x_wconf 85' lang='lat' dir='ltr'>acras,</span> <span class='ocrx_word' id='word_1_279' title='bbox 1295 2537 1302 2544; x_wconf 88' lang='lat'><em>.</em></span> <span class='ocrx_word' id='word_1_280' title='bbox 1335 2536 1342 2543; x_wconf 92' lang='lat'><em>.</em></span> <span class='ocrx_word' id='word_1_281' title='bbox 1377 2536 1384 2544; x_wconf 93' lang='lat'><strong>.</strong></span> <span class='ocrx_word' id='word_1_282' title='bbox 1415 2516 1491 2556; x_wconf 88' lang='lat' dir='ltr'>per</span> <span class='ocrx_word' id='word_1_283' title='bbox 1525 2517 1621 2543; x_wconf 86' lang='lat' dir='ltr'>ann.</span> <span class='ocrx_word' id='word_1_284' title='bbox 1656 2502 1747 2542; x_wconf 83' lang='lat' dir='ltr'>xlvi</span> <span class='ocrx_word' id='word_1_285' title='bbox 1761 2516 1791 2543; x_wconf 90' lang='lat' dir='ltr'>s.</span> 
     </span>
     <span class='ocr_line' id='line_1_34' title="bbox 278 2567 1789 2621; baseline -0.003 -10"><span class='ocrx_word' id='word_1_286' title='bbox 278 2571 357 2611; x_wconf 83' lang='lat' dir='ltr'>viii</span> <span class='ocrx_word' id='word_1_287' title='bbox 370 2570 408 2611; x_wconf 93' lang='lat' dir='ltr'>d.</span> <span class='ocrx_word' id='word_1_288' title='bbox 483 2569 539 2609; x_wconf 81' lang='lat' dir='ltr'>Et</span> <span class='ocrx_word' id='word_1_289' title='bbox 574 2582 709 2608; x_wconf 89' lang='lat' dir='ltr'>unum</span> <span class='ocrx_word' id='word_1_290' title='bbox 749 2567 943 2609; x_wconf 88' lang='lat' dir='ltr'>clausum</span> <span class='ocrx_word' id='word_1_291' title='bbox 977 2582 1067 2609; x_wconf 89' lang='lat' dir='ltr'>voc.</span> <span class='ocrx_word' id='word_1_292' title='bbox 1105 2568 1346 2618; x_wconf 84' lang='lat' dir='ltr'>Saltwicke,</span> <span class='ocrx_word' id='word_1_293' title='bbox 1383 2571 1493 2611; x_wconf 90' lang='lat' dir='ltr'>cont.</span> <span class='ocrx_word' id='word_1_294' title='bbox 1527 2582 1603 2621; x_wconf 89' lang='lat' dir='ltr'>per</span> <span class='ocrx_word' id='word_1_295' title='bbox 1643 2568 1789 2608; x_wconf 85' lang='lat' dir='ltr'>aestim.</span> 
     </span>
     <span class='ocr_line' id='line_1_35' title="bbox 279 2633 1791 2687; baseline -0.003 -11"><span class='ocrx_word' id='word_1_296' title='bbox 279 2636 325 2676; x_wconf 85' lang='lat' dir='ltr'>xi</span> <span class='ocrx_word' id='word_1_297' title='bbox 360 2648 452 2684; x_wconf 68' lang='lat' dir='ltr'>acr„</span> <span class='ocrx_word' id='word_1_298' title='bbox 483 2667 490 2674; x_wconf 93' lang='lat'>.</span> <span class='ocrx_word' id='word_1_299' title='bbox 523 2666 530 2674; x_wconf 89' lang='lat'><strong>.</strong></span> <span class='ocrx_word' id='word_1_300' title='bbox 565 2667 572 2674; x_wconf 94' lang='lat'>.</span> <span class='ocrx_word' id='word_1_301' title='bbox 610 2646 686 2687; x_wconf 90' lang='lat' dir='ltr'>per</span> <span class='ocrx_word' id='word_1_302' title='bbox 720 2647 753 2674; x_wconf 84' lang='lat' dir='ltr'>a.</span> <span class='ocrx_word' id='word_1_303' title='bbox 785 2647 875 2673; x_wconf 84' lang='lat' dir='ltr'>xxv</span> <span class='ocrx_word' id='word_1_304' title='bbox 888 2646 917 2674; x_wconf 90' lang='lat' dir='ltr'>s.</span> <span class='ocrx_word' id='word_1_305' title='bbox 992 2634 1048 2673; x_wconf 90' lang='lat' dir='ltr'>Et</span> <span class='ocrx_word' id='word_1_306' title='bbox 1083 2647 1218 2674; x_wconf 90' lang='lat' dir='ltr'>unum</span> <span class='ocrx_word' id='word_1_307' title='bbox 1251 2633 1444 2674; x_wconf 90' lang='lat' dir='ltr'>clausum</span> <span class='ocrx_word' id='word_1_308' title='bbox 1478 2638 1663 2687; x_wconf 77' lang='lat' dir='ltr'>pasturae</span> <span class='ocrx_word' id='word_1_309' title='bbox 1702 2646 1791 2673; x_wconf 91' lang='lat' dir='ltr'>voc.</span> 
     </span>
     <span class='ocr_line' id='line_1_36' title="bbox 281 2697 1789 2754; baseline -0.002 -13"><span class='ocrx_word' id='word_1_310' title='bbox 281 2701 455 2754; x_wconf 81' lang='lat' dir='ltr'>Cariage</span> <span class='ocrx_word' id='word_1_311' title='bbox 490 2699 614 2747; x_wconf 87' lang='lat' dir='ltr'>close,</span> <span class='ocrx_word' id='word_1_312' title='bbox 645 2701 754 2739; x_wconf 88' lang='lat' dir='ltr'>cont.</span> <span class='ocrx_word' id='word_1_313' title='bbox 786 2712 861 2752; x_wconf 85' lang='lat' dir='ltr'>per</span> <span class='ocrx_word' id='word_1_314' title='bbox 892 2699 1040 2739; x_wconf 85' lang='lat' dir='ltr'>aestim.</span> <span class='ocrx_word' id='word_1_315' title='bbox 1062 2712 1091 2739; x_wconf 89' lang='lat' dir='ltr'><strong>v</strong></span> <span class='ocrx_word' id='word_1_316' title='bbox 1111 2712 1203 2748; x_wconf 67' lang='lat' dir='ltr'>acr„</span> <span class='ocrx_word' id='word_1_317' title='bbox 1235 2731 1242 2739; x_wconf 92' lang='lat'>.</span> <span class='ocrx_word' id='word_1_318' title='bbox 1276 2731 1284 2740; x_wconf 88' lang='lat'><strong>.</strong></span> <span class='ocrx_word' id='word_1_319' title='bbox 1317 2732 1324 2739; x_wconf 93' lang='lat'><strong><em>.</em></strong></span> <span class='ocrx_word' id='word_1_320' title='bbox 1356 2712 1431 2752; x_wconf 86' lang='lat' dir='ltr'>per</span> <span class='ocrx_word' id='word_1_321' title='bbox 1458 2712 1492 2739; x_wconf 90' lang='lat' dir='ltr'>a.</span> <span class='ocrx_word' id='word_1_322' title='bbox 1521 2698 1600 2738; x_wconf 87' lang='lat' dir='ltr'>xiii</span> <span class='ocrx_word' id='word_1_323' title='bbox 1613 2711 1643 2737; x_wconf 91' lang='lat' dir='ltr'>s.</span> <span class='ocrx_word' id='word_1_324' title='bbox 1671 2697 1737 2736; x_wconf 89' lang='lat' dir='ltr'>iiii</span> <span class='ocrx_word' id='word_1_325' title='bbox 1750 2697 1789 2738; x_wconf 90' lang='lat' dir='ltr'>d.</span> 
     </span>
     <span class='ocr_line' id='line_1_37' title="bbox 279 2762 1792 2818; baseline -0.004 -11"><span class='ocrx_word' id='word_1_326' title='bbox 279 2767 336 2807; x_wconf 89' lang='lat' dir='ltr'>Et</span> <span class='ocrx_word' id='word_1_327' title='bbox 359 2778 495 2805; x_wconf 86' lang='lat' dir='ltr'>unum</span> <span class='ocrx_word' id='word_1_328' title='bbox 522 2764 572 2805; x_wconf 91' lang='lat' dir='ltr'>cl.</span> <span class='ocrx_word' id='word_1_329' title='bbox 594 2768 778 2817; x_wconf 74' lang='lat' dir='ltr'>pasturae</span> <span class='ocrx_word' id='word_1_330' title='bbox 806 2777 897 2805; x_wconf 89' lang='lat' dir='ltr'>voc.</span> <span class='ocrx_word' id='word_1_331' title='bbox 922 2764 1308 2818; x_wconf 84' lang='lat' dir='ltr'>Con[dyth]heade,</span> <span class='ocrx_word' id='word_1_332' title='bbox 1340 2777 1372 2804; x_wconf 91' lang='lat' dir='ltr'>c.</span> <span class='ocrx_word' id='word_1_333' title='bbox 1404 2777 1478 2816; x_wconf 89' lang='lat' dir='ltr'>per</span> <span class='ocrx_word' id='word_1_334' title='bbox 1508 2762 1655 2803; x_wconf 87' lang='lat' dir='ltr'>aestim.</span> <span class='ocrx_word' id='word_1_335' title='bbox 1686 2762 1792 2802; x_wconf 83' lang='lat' dir='ltr'>xxiv</span> 
     </span>
     <span class='ocr_line' id='line_1_38' title="bbox 282 2827 1789 2882; baseline -0.003 -10"><span class='ocrx_word' id='word_1_336' title='bbox 282 2845 409 2879; x_wconf 84' lang='lat' dir='ltr'>acras,</span> <span class='ocrx_word' id='word_1_337' title='bbox 440 2862 447 2869; x_wconf 92' lang='lat'><strong><em>.</em></strong></span> <span class='ocrx_word' id='word_1_338' title='bbox 482 2864 488 2870; x_wconf 96' lang='lat'>.</span> <span class='ocrx_word' id='word_1_339' title='bbox 522 2862 528 2869; x_wconf 95' lang='lat'>.</span> <span class='ocrx_word' id='word_1_340' title='bbox 565 2843 640 2882; x_wconf 85' lang='lat' dir='ltr'>per</span> <span class='ocrx_word' id='word_1_341' title='bbox 673 2843 705 2869; x_wconf 86' lang='lat' dir='ltr'>a.</span> <span class='ocrx_word' id='word_1_342' title='bbox 744 2829 789 2869; x_wconf 86' lang='lat' dir='ltr'>xl</span> <span class='ocrx_word' id='word_1_343' title='bbox 803 2843 832 2870; x_wconf 86' lang='lat' dir='ltr'>s.</span> <span class='ocrx_word' id='word_1_344' title='bbox 894 2830 951 2870; x_wconf 92' lang='lat' dir='ltr'>Et</span> <span class='ocrx_word' id='word_1_345' title='bbox 985 2843 1121 2870; x_wconf 88' lang='lat' dir='ltr'>unum</span> <span class='ocrx_word' id='word_1_346' title='bbox 1152 2829 1201 2870; x_wconf 90' lang='lat' dir='ltr'>cl.</span> <span class='ocrx_word' id='word_1_347' title='bbox 1231 2832 1337 2882; x_wconf 87' lang='lat' dir='ltr'>past.</span> <span class='ocrx_word' id='word_1_348' title='bbox 1368 2842 1455 2869; x_wconf 91' lang='lat' dir='ltr'>voc.</span> <span class='ocrx_word' id='word_1_349' title='bbox 1489 2827 1727 2876; x_wconf 88' lang='lat' dir='ltr'>Oldestede,</span> <span class='ocrx_word' id='word_1_350' title='bbox 1757 2841 1789 2867; x_wconf 90' lang='lat' dir='ltr'>c.</span> 
     </span>
     <span class='ocr_line' id='line_1_39' title="bbox 280 2892 1786 2952; baseline -0.004 -14"><span class='ocrx_word' id='word_1_351' title='bbox 280 2911 354 2952; x_wconf 87' lang='lat' dir='ltr'>per</span> <span class='ocrx_word' id='word_1_352' title='bbox 395 2899 481 2936; x_wconf 83' lang='lat' dir='ltr'>aest.</span> <span class='ocrx_word' id='word_1_353' title='bbox 523 2909 610 2934; x_wconf 83' lang='lat' dir='ltr'>xxx</span> <span class='ocrx_word' id='word_1_354' title='bbox 644 2908 735 2943; x_wconf 63' lang='lat' dir='ltr'>acr„</span> <span class='ocrx_word' id='word_1_355' title='bbox 768 2927 773 2934; x_wconf 94' lang='lat'>.</span> <span class='ocrx_word' id='word_1_356' title='bbox 815 2928 820 2934; x_wconf 91' lang='lat'><em>.</em></span> <span class='ocrx_word' id='word_1_357' title='bbox 861 2928 866 2933; x_wconf 95' lang='lat'>.</span> <span class='ocrx_word' id='word_1_358' title='bbox 906 2908 980 2947; x_wconf 84' lang='lat' dir='ltr'>per</span> <span class='ocrx_word' id='word_1_359' title='bbox 1014 2909 1047 2935; x_wconf 85' lang='lat' dir='ltr'>a.</span> <span class='ocrx_word' id='word_1_360' title='bbox 1085 2894 1189 2934; x_wconf 90' lang='lat' dir='ltr'>xxvi</span> <span class='ocrx_word' id='word_1_361' title='bbox 1204 2908 1232 2934; x_wconf 88' lang='lat' dir='ltr'>s.</span> <span class='ocrx_word' id='word_1_362' title='bbox 1275 2893 1401 2934; x_wconf 90' lang='lat' dir='ltr'>viiid.</span> <span class='ocrx_word' id='word_1_363' title='bbox 1463 2893 1518 2932; x_wconf 90' lang='lat' dir='ltr'>Et</span> <span class='ocrx_word' id='word_1_364' title='bbox 1558 2906 1691 2933; x_wconf 89' lang='lat' dir='ltr'>unum</span> <span class='ocrx_word' id='word_1_365' title='bbox 1736 2892 1786 2933; x_wconf 87' lang='lat' dir='ltr'>cl,</span> 
     </span>
    </p>
   </div>
  </div>
 </body>
</html>
