1889 3221
240 327 320 364 652
483 336 843 371 CARTULARIUM
868 339 1139 373 ABBATHIAE
1165 340 1228 372 DE
1253 341 1503 374 WHITEBY.

239 443 413 497 Capella
431 445 476 487 B.
493 446 642 487 Mariae
659 447 775 502 Virg.
793 451 836 489 et
858 448 896 490 S.
915 449 1060 491 Elenae
1082 450 1132 492 de
1149 451 1377 504 Wykham,
1400 450 1642 504 sumptibus
1663 448 1748 490 suis

235 510 416 563 propriis
457 515 500 552 et
542 526 833 555 successorum
874 528 1059 566 suorum,
1100 517 1298 558 omnibus
1339 517 1478 558 modis
1519 520 1562 558 et
1607 515 1748 556 formis

236 575 490 630 subscriptis
515 577 858 632 imperpetuum:
889 585 932 621 et
964 581 1078 635 quod
1110 582 1321 636 capellani
1352 583 1427 636 qui
1457 596 1533 635 pro
1564 586 1749 635 tempore

234 641 394 682 fuerint
435 643 688 685 celebraturi
729 646 775 686 in
809 647 925 688 dicta
966 648 1140 702 capella,
1181 652 1224 690 et
1265 663 1410 690 eorum
1450 649 1643 703 quilibet,
1673 660 1750 701 pro

235 707 453 749 Priorissae
483 714 526 750 et
559 710 688 752 ConV.
721 712 773 753 de
803 714 1021 767 Wykham
1053 719 1095 755 et
1126 728 1271 755 eorum
1303 728 1411 756 succ.
1434 715 1556 755 nobis
1579 718 1621 755 et
1642 726 1747 754 succ.

235 774 391 815 nostris
412 776 600 818 caritatis
621 777 787 819 intuitu
807 782 990 829 tantum,
1009 780 1115 821 Sede
1136 781 1256 821 Ebor.
1275 780 1413 834 plena,
1430 784 1472 822 et
1494 794 1541 821 ea
1561 781 1749 826 vacante,

234 840 404 881 Decano
436 844 478 881 et
507 842 705 896 Capitulo
726 844 840 886 Eccl.
865 845 903 886 S.
927 846 1042 886 Petri
1063 849 1385 899 praesententur,
1407 860 1512 900 quos
1534 845 1603 886 vel
1623 857 1748 898 quem

232 905 374 946 dictus
415 907 636 949 Johannes
677 909 731 950 ad
771 913 907 951 totam
942 911 1078 952 vitam
1119 925 1241 952 suam
1282 912 1453 953 duxerit
1493 909 1747 957 nominand.,

231 972 431 1025 quodque
468 974 524 1013 sit
558 974 749 1025 idoneus,
780 975 998 1026 honestus,
1031 981 1074 1017 et
1108 977 1154 1017 in
1186 977 1332 1018 ordine
1363 976 1616 1018 sacerdotali
1651 989 1745 1017 con-

233 1037 435 1078 stitutus:
477 1038 547 1079 Ita
578 1040 694 1093 quod
725 1054 822 1081 cum
858 1041 1003 1095 aliqua
1034 1043 1224 1083 cantaria
1259 1043 1303 1082 in
1341 1043 1456 1084 dicta
1487 1042 1649 1096 capella
1675 1054 1750 1095 per

232 1102 465 1144 cessionem
494 1105 564 1145 vel
595 1105 815 1147 decessum
845 1108 1057 1161 capellani
1087 1108 1279 1161 alicujus,
1300 1108 1370 1149 vel
1390 1108 1472 1149 alio
1494 1120 1748 1161 quocunque

233 1169 358 1210 modo
390 1171 616 1221 vacaverit,
637 1173 767 1213 iidem
800 1174 1009 1215 Priorissa
1030 1178 1072 1216 et
1095 1175 1225 1216 Conv.
1249 1179 1291 1215 et
1313 1175 1379 1216 sui
1400 1188 1508 1216 succ.
1530 1175 1644 1216 intra
1664 1179 1748 1215 tres

233 1234 488 1277 ebdomadas
520 1250 544 1277 a
576 1242 764 1291 tempore
795 1253 880 1292 quo
911 1240 1109 1280 noverint
1132 1253 1207 1281 seu
1228 1254 1351 1281 nosse
1371 1241 1590 1294 potuerint
1610 1240 1748 1293 ipsam

233 1301 467 1342 cantariam
498 1316 658 1353 vacare,
681 1305 882 1346 continue
913 1306 1036 1346 nobis
1067 1306 1136 1347 vel
1167 1320 1274 1348 succ.
1298 1307 1465 1356 nostris,
1488 1307 1594 1348 Sede
1625 1307 1747 1348 Ebor.

232 1366 359 1419 plena
390 1368 483 1421 (seu
513 1369 685 1410 Decano
716 1374 760 1412 et
792 1371 930 1425 Capit.
965 1372 1072 1413 Sede
1104 1373 1299 1426 vacante)
1336 1373 1389 1413 ad
1425 1386 1519 1413 eam
1547 1372 1748 1413 idoneum

232 1433 494 1475 sacerdotem
523 1440 792 1488 praesentent.
856 1437 980 1487 Quod
1011 1438 1049 1478 si
1079 1438 1223 1479 forsan
1252 1438 1379 1492 praed.
1406 1438 1610 1492 Religiosi
1639 1438 1750 1479 infra

231 1502 402 1552 tempus
424 1501 549 1553 praed.
572 1515 659 1542 non
681 1502 871 1553 fecerint,
892 1517 968 1544 nos
990 1503 1059 1544 vel
1080 1517 1187 1545 succ.
1220 1505 1366 1553 nostri,
1389 1504 1495 1545 Sede
1516 1504 1653 1558 plena,
1674 1518 1749 1545 seu

232 1578 281 1605 ea
316 1571 506 1617 vacante,
542 1569 638 1609 Dec.
677 1572 719 1609 et
753 1569 954 1623 Capitulo
990 1570 1111 1611 Ebor.
1145 1570 1412 1623 praed—hoc
1443 1574 1516 1620 est,
1548 1570 1750 1611 canonice

231 1631 466 1674 residentes
503 1637 546 1674 et
575 1640 820 1687 praesentes,
851 1636 948 1677 aliis
984 1637 1219 1677 necessarie
1256 1637 1458 1690 exceptis,
1488 1637 1615 1690 hujus
1651 1649 1750 1678 can-

232 1697 350 1737 tariae
381 1698 433 1739 de
467 1701 660 1753 personis
693 1701 859 1742 idoneis
895 1702 1117 1743 caritative
1148 1703 1244 1756 jure
1279 1707 1422 1744 nostro
1453 1703 1748 1757 providebunt.

232 1762 288 1801 Et
319 1762 449 1804 iidem
481 1765 681 1807 Decanus
713 1771 755 1808 et
777 1768 915 1821 Capit.
949 1768 1248 1821 providebunt,
1270 1773 1312 1809 et
1344 1783 1436 1810 eam
1465 1769 1535 1810 vel
1560 1782 1628 1809 eas
1650 1782 1749 1809 con-

232 1827 475 1879 ferebimus‚
506 1835 549 1872 et
578 1832 709 1873 iidem
735 1834 838 1875 Dec.
861 1838 904 1875 et
927 1835 1064 1888 Capit.
1088 1835 1306 1876 conferent
1337 1835 1461 1876 modo
1492 1836 1617 1889 praed.
1639 1835 1749 1876 infra

232 1898 318 1933 tres
347 1895 603 1938 ebdomadas
635 1911 660 1938 a
689 1903 879 1952 tempore
907 1900 1026 1953 prius
1053 1900 1252 1949 limitato,
1274 1904 1350 1941 etc.
1414 1901 1515 1954 [The
1536 1902 1748 1941 document

230 1972 320 2010 yoes
344 1973 396 2000 on
420 1965 459 2002 250
479 1965 632 2017 speeify
654 1969 699 2004 at
717 1969 832 2017 yreal
853 1966 989 2017 length
1009 1966 1120 2006 what
1139 1967 1302 2006 services
1320 1967 1429 2006 shall
1450 1967 1489 2006 be
1509 1967 1748 2006 solemnisecl

235 2026 284 2064 ‘ln
306 2026 369 2066 the
390 2027 576 2082 ehantry,
598 2031 687 2070 and
705 2031 820 2071 when
842 2031 930 2071 and
950 2032 1000 2084 os
1012 2032 1138 2071 whom
1158 2032 1308 2085 special
1327 2033 1620 2072 remembrance
1640 2033 1747 2073 shall

237 2090 277 2130 be
298 2094 579 2143 maintained,
600 2100 702 2136 most
723 2097 773 2149 of
784 2097 920 2137 which
941 2097 1092 2138 details
1113 2111 1182 2137 are
1204 2098 1254 2151 of
1264 2099 1458 2150 sufficient
1478 2100 1653 2147 interest,
1671 2099 1750 2147 bat,

230 2157 422 2211 perhaps,
452 2159 608 2213 hardly
637 2161 735 2201 such
765 2175 812 2203 as
842 2166 879 2202 to
900 2162 1060 2215 justesy
1090 2162 1290 2203 insertion
1321 2167 1365 2203 at
1397 2164 1531 2216 lenylh
1562 2164 1609 2204 z'n
1646 2164 1747 2204 these

229 2222 384 2276 payes]

688 2301 893 2343 DOHLB.
916 2302 1113 2356 (Melton,
1135 2301 1160 2342 f.
1187 2303 1295 2355 294.)

295 2378 505 2421 Noverint
536 2382 723 2423 universi
754 2384 867 2436 quod
899 2397 986 2433 nos,
1017 2384 1163 2424 Abbas
1195 2388 1237 2425 et
1269 2384 1398 2425 Conv.
1434 2385 1485 2425 de
1516 2385 1747 2438 Whiteby,1

235 2445 506 2487 concedimus
528 2451 570 2488 et
592 2448 828 2503 obligamus
850 2463 926 2490 nos
949 2463 1001 2490 ex
1024 2463 1139 2490 mera
1159 2453 1202 2490 et
1218 2454 1451 2503 spontanea
1466 2450 1686 2491 voluntate
1704 2454 1746 2491 et

284 2527 295 2547 ¹
320 2527 383 2560 See
402 2528 465 2561 No.
488 2531 566 2570 551,
586 2541 618 2572 p.
638 2532 718 2571 485,
737 2542 827 2573 copy
845 2531 881 2564 of
907 2532 1021 2564 which
1040 2532 1069 2564 is
1085 2531 1195 2564 found
1213 2532 1249 2564 in
1266 2533 1328 2564 the
1345 2533 1507 2575 Register
1523 2533 1611 2565 from
1629 2533 1743 2565 which

234 2581 295 2613 the
313 2582 423 2615 above
440 2587 595 2617 extr-acts
613 2596 670 2617 are
687 2586 795 2618 taken
814 2597 858 2619 on
875 2587 936 2618 the
954 2597 1058 2629 pages
1075 2586 1320 2629 immediately
1337 2588 1532 2630 preceding,
1550 2588 1620 2620 aud
1637 2588 1743 2620 dated

237 2636 299 2669 7th
325 2637 518 2671 December
545 2640 605 2680 (vii
632 2640 717 2672 Idus
742 2641 972 2681 Decembris).
1023 2642 1059 2673 It
1084 2641 1204 2673 would
1228 2652 1357 2684 appear
1384 2642 1464 2674 that
1492 2643 1554 2674 the
1586 2644 1741 2684 “appro—

234 2691 386 2732 priatio’'
415 2704 483 2726 was
508 2697 570 2727 not
595 2695 679 2736 only
704 2695 805 2727 made
831 2696 918 2728 with
944 2696 1005 2728 the
1030 2696 1094 2728 full
1124 2699 1269 2728 consent
1298 2697 1335 2728 of
1351 2697 1412 2729 the
1430 2697 1568 2737 Rector,
1587 2697 1682 2728 John
1699 2698 1743 2728 de

236 2746 438 2788 Wykeham
465 2748 537 2791 (see
561 2760 593 2792 p.
612 2750 709 2793 489),
727 2750 792 2782 but
819 2762 864 2783 on
881 2751 946 2783 the
963 2751 1242 2794 understanding
1258 2752 1340 2784 that
1357 2752 1402 2783 he
1419 2752 1538 2784 would
1554 2752 1741 2784 forthwith

234 2804 356 2834 vacate
381 2803 442 2835 the
468 2805 634 2847 Rectory,
663 2806 718 2838 for
742 2806 804 2839 the
829 2806 911 2839 date
937 2807 973 2838 of
998 2807 1059 2839 the
1083 2807 1288 2840 institution
1314 2807 1350 2839 of
1374 2806 1435 2839 the
1459 2807 1537 2838 first
1559 2808 1744 2848 perpetual

232 2856 335 2895 vicar,
362 2858 446 2889 llth
466 2859 595 2900 March,
616 2861 645 2893 is
670 2861 753 2902 only
770 2864 841 2894 two
868 2872 906 2893 or
923 2862 1023 2893 three
1041 2861 1128 2904 days
1147 2872 1240 2894 more
1257 2862 1345 2894 than
1362 2861 1463 2893 three
1481 2861 1623 2893 months
1641 2861 1739 2895 later.

233 2911 268 2942 It
284 2922 377 2953 may,
398 2913 556 2956 perhaps,
574 2915 617 2946 be
635 2926 671 2947 as
688 2916 768 2948 well
785 2919 822 2948 to
840 2916 957 2948 notice
974 2917 1056 2949 here
1073 2917 1154 2949 that
1170 2917 1232 2948 the
1250 2916 1326 2947 said
1351 2916 1445 2947 John
1471 2916 1514 2947 de
1539 2916 1738 2958 Wykeham

230 2967 259 2998 is
285 2965 356 2998 also
382 2968 508 3000 named
533 2969 567 3000 in
594 2969 657 3002 No.
687 2972 766 3008 522,
796 2971 831 3001 in
859 2971 1064 3003 connection
1083 2971 1170 3003 with
1187 2971 1248 3003 the
1267 2970 1465 3001 ordination
1484 2970 1532 3011 by
1549 2970 1610 3002 the
1629 2972 1738 3004 Arch-
