1889 3221
256 330 336 367 638
503 335 863 370 OARTULARIUM
890 334 1159 367 ABBATHIAE
1183 333 1248 366 DE
1272 332 1517 367 WHITEBY.

255 446 407 488 Mon'ii
427 446 632 500 praedicti,
652 444 878 486 attendens
900 444 1169 485 debilitatem
1191 443 1259 485 sui
1280 443 1465 497 corporis
1486 445 1529 484 et
1545 443 1767 484 adversam

253 513 558 562 valetudinem,
578 516 668 553 tam
699 525 752 552 ex
782 514 904 565 gutta
926 524 1055 564 quam
1076 524 1129 551 ex
1151 510 1276 551 senili
1306 513 1432 551 aetate
1463 523 1540 551 sua
1570 509 1767 563 proveni-

255 584 387 627 entes,
408 582 450 620 et
471 578 719 619 affectantes
741 577 979 618 utilitatem
1000 576 1153 617 Mon'ii
1173 576 1380 630 praedicti,
1402 576 1549 618 cedere
1579 575 1769 616 intendit

255 645 455 700 dignitati
476 648 520 685 et
541 644 677 685 officio
699 642 882 684 Abbatis
903 642 1056 683 Mon’ii
1085 642 1293 695 praedicti,
1315 641 1551 683 secundum
1580 645 1766 682 vestram

254 711 566 753 ordinationem
615 714 891 763 vestrumque
941 708 1261 762 beneplacitum
1301 711 1344 749 et
1384 720 1620 756 assensum,
1658 707 1769 748 D'ne

253 776 478 830 Archie'pe
500 775 754 829 supradicte,
775 774 940 815 dictum
963 774 1235 815 Conventum
1257 776 1300 814 et
1321 773 1634 814 Monasterium
1662 787 1769 827 prae—

254 843 431 892 dictum,
451 843 562 883 bona
583 841 826 890 eorundem,
847 844 938 881 tam
958 839 1134 880 mobilia
1150 853 1280 893 quam
1300 839 1548 889 immobilia,
1570 843 1612 881 et
1633 840 1770 881 nonii-

255 909 391 950 natim
421 907 661 949 manerium
693 907 745 948 de
775 906 1000 956 Eskedale,
1031 906 1209 955 fructus,
1241 905 1435 947 redditus
1463 909 1505 947 et
1534 911 1768 960 proventus

254 975 308 1016 ad
330 974 539 1015 Mon'ium
562 978 605 1014 et
621 973 861 1013 manerium
881 972 1084 1026 praedicta
1104 971 1474 1025 qualitercumque
1494 972 1769 1025 pertinentes,

255 1040 524 1089 ordinationi,
541 1039 682 1088 laudo,
698 1039 867 1079 decreto
881 1041 923 1079 et
944 1037 1060 1079 dicto
1076 1037 1240 1086 vestris,
1255 1037 1364 1078 D'ne
1377 1037 1601 1091 Archie'pe
1622 1051 1768 1091 supra-

253 1106 377 1155 dicte,
400 1105 452 1146 ob
481 1118 653 1146 causam
684 1108 727 1145 et
748 1103 947 1144 effectum
978 1103 1232 1157 provisionis
1263 1102 1482 1152 faciendae,
1502 1106 1629 1156 prout
1649 1104 1771 1144 fratri

255 1172 427 1212 Tliomae
463 1171 514 1211 de
550 1170 719 1210 Malton
753 1174 796 1210 et
833 1169 1077 1210 Conventui
1111 1168 1379 1222 supradictis,
1419 1172 1548 1222 prout
1586 1169 1768 1210 utilitati

255 1237 362 1278 dicti
393 1237 557 1286 Mon'ii,
593 1236 843 1277 Conventus
879 1239 922 1276 et
951 1235 1087 1288 ipsius
1122 1235 1294 1275 Thomae
1330 1234 1524 1276 videritis
1558 1235 1768 1289 expedire,

253 1303 541 1358 procuratorio
572 1302 745 1343 nomine
777 1301 1086 1351 submittimus,
1116 1301 1414 1355 promittentes
1442 1314 1520 1342 nos
1554 1301 1697 1355 palam
1728 1306 1771 1342 et

255 1383 453 1423 expresse
486 1368 810 1417 ordinationem,
844 1366 1036 1416 laudum,
1076 1366 1295 1408 decretum
1335 1369 1377 1407 et
1418 1366 1583 1407 dictum
1617 1371 1771 1417 vestra,

255 1436 366 1477 D’ne
387 1435 609 1488 Archiep'e
630 1433 846 1488 praedicte,
867 1433 991 1482 velle,
1012 1433 1255 1487 approbare,
1276 1432 1524 1487 emologare,
1545 1436 1588 1474 et
1609 1433 1769 1475 eisdem

255 1502 506 1551 consentire,
527 1514 575 1541 ac
605 1504 748 1541 ratum
779 1503 821 1540 et
850 1503 1020 1553 gratum
1048 1504 1090 1540 et
1120 1498 1288 1539 firmum
1321 1498 1486 1548 habere,
1507 1499 1707 1552 perficere
1728 1503 1771 1541 et

254 1567 500 1621 adimplere,
521 1565 811 1621 procuratorio
832 1565 1019 1615 nomine,
1035 1565 1244 1619 quicquid
1264 1578 1351 1615 VOS,
1372 1569 1494 1618 pater
1523 1565 1770 1607 Reverende

255 1634 470 1688 praedicte,
491 1633 536 1673 in
567 1631 784 1686 praedictis
815 1631 1025 1672 duxeritis
1056 1630 1356 1680 ordinandum,
1390 1630 1665 1682 laudandum,
1696 1645 1771 1672 seu

256 1699 577 1754 quomodolibet
608 1696 934 1739 decernendum.
997 1697 1050 1736 In
1081 1710 1114 1737 c.
1138 1710 1168 1736 r.
1191 1699 1286 1737 test.
1309 1696 1382 1750 sig.
1414 1699 1560 1737 nostra
1589 1709 1771 1750 praesen-

255 1767 373 1807 tibus
395 1764 681 1819 apposuimus.
742 1764 908 1804 Datum
930 1762 1044 1816 apud
1065 1762 1206 1816 Thorp
1221 1775 1352 1816 prope
1373 1763 1511 1811 Ebor„
1527 1762 1596 1803 die
1617 1763 1772 1803 Martis

256 1845 375 1885 prox.
392 1834 489 1884 post
502 1830 661 1871 festum
677 1829 986 1870 Translationis
1009 1828 1055 1869 B.
1073 1828 1245 1868 Thomae
1260 1828 1479 1882 Martyris,
1500 1828 1607 1870 A.D.
1630 1833 1774 1870 M⁰ecc⁰

257 1896 460 1937 vicesimo
483 1895 679 1936 secundo.

315 1962 418 2010 Nos,
453 1960 713 2009 Willelmus,
749 1958 1003 2012 Archiep'us
1035 1958 1291 2008 antedictus,
1330 1959 1554 2012 praedictas
1588 1959 1770 2000 submis-

259 2027 399 2068 siones
439 2025 487 2065 in
527 2038 602 2065 nos
645 2024 925 2065 admittentes
966 2028 1009 2064 et
1048 2026 1331 2077 acceptantes,
1372 2027 1414 2065 et
1453 2024 1567 2065 inter
1607 2027 1771 2074 caetera,

260 2092 531 2133 attendentes
552 2090 777 2144 praefatum
808 2090 984 2130 fratrem
1014 2089 1221 2130 Thomam
1250 2089 1297 2129 in
1327 2089 1463 2131 officio
1483 2090 1666 2132 Abbatis
1697 2091 1772 2132 diu

260 2159 488 2212 diligenter
523 2161 566 2198 et
601 2156 786 2197 fideliter
817 2155 871 2196 ad
901 2155 1104 2197 honorem
1134 2160 1177 2196 et
1206 2155 1440 2197 utilitatem
1470 2156 1575 2197 dicti
1609 2157 1772 2206 Mon’ii,

258 2228 348 2266 tam
364 2225 409 2264 in
423 2223 718 2278 spiritualibus
735 2236 865 2275 quam
877 2222 925 2262 iu
939 2222 1257 2276 temporalibus,
1269 2221 1492 2272 laborasse,
1508 2223 1773 2264 considerata

260 2291 389 2332 etiam
419 2302 611 2343 personae
642 2288 835 2342 ejusdem
865 2287 1037 2328 Thomae
1067 2287 1286 2341 qualitate,
1319 2291 1361 2328 et
1396 2287 1649 2342 impotentia
1684 2302 1772 2330 cor-

258 2356 405 2410 porali,
426 2360 515 2396 tam
546 2357 720 2408 propter
749 2354 885 2408 ipsius
916 2357 1086 2394 aetatem
1116 2353 1295 2394 senilem
1315 2367 1445 2407 quam
1475 2357 1647 2408 propter
1667 2355 1771 2396 alias

260 2421 443 2475 corporis
465 2421 533 2461 sui
554 2420 799 2461 debilitates
832 2423 875 2460 et
896 2419 1168 2460 valetudines
1198 2419 1409 2469 adversas,
1428 2420 1641 2473 praecipue
1662 2421 1772 2461 circa

257 2487 424 2528 labores
458 2486 718 2527 extrinsecos
758 2485 805 2525 in
845 2485 1104 2539 agendorum
1145 2498 1319 2525 suorum
1358 2485 1604 2536 directione,
1643 2491 1771 2540 prout

262 2553 424 2593 dictum
447 2565 573 2592 suum
595 2550 781 2592 officium
802 2550 1103 2604 multipliciter
1133 2550 1269 2604 exigit
1290 2554 1333 2591 et
1353 2551 1543 2604 requirit,
1564 2555 1607 2592 et
1627 2552 1771 2593 affect-

262 2622 383 2658 antes
423 2617 659 2657 utilitatem
699 2616 804 2657 dicti
843 2616 1108 2666 Monasterii,
1150 2619 1193 2656 et
1231 2615 1435 2666 volentes,
1476 2620 1687 2670 quantum
1726 2618 1772 2657 in

261 2683 383 2724 nobis
405 2686 479 2732 est,
510 2682 556 2722 in
588 2682 819 2735 praemissis
840 2695 1070 2735 congruam
1100 2681 1301 2723 adhibere
1331 2681 1552 2732 medelam,
1573 2682 1771 2723 ordinan-

263 2749 366 2788 dum
397 2748 598 2788 duximus
630 2748 677 2788 in
706 2748 822 2789 hunc
857 2747 1045 2796 modum,
1076 2751 1119 2788 et
1154 2747 1285 2788 etiam
1315 2750 1461 2788 tenore
1496 2747 1770 2800 praesentium

262 2814 519 2862 ordinamus,
561 2813 674 2866 quod
714 2812 830 2853 idem
879 2813 1008 2854 frater
1048 2812 1230 2854 Thomas
1281 2813 1403 2854 cedat
1452 2825 1567 2865 pure,
1607 2819 1772 2866 sponte,

262 2878 516 2932 simpliciter
548 2882 590 2918 et
625 2879 819 2919 absolute
860 2878 1062 2932 dignitati
1097 2883 1140 2919 et
1181 2878 1318 2919 officio
1350 2877 1533 2918 Abbatis
1566 2892 1696 2932 quam
1729 2883 1773 2920 et

264 2944 379 2999 quod
401 2943 566 2984 obtinet
586 2943 632 2983 in
653 2944 916 2985 Monasterio
949 2944 1177 2993 antedicto,
1197 2957 1244 2984 ac
1276 2943 1391 2985 omni
1418 2943 1506 2996 juri
1534 2947 1578 2985 et
1608 2958 1773 2998 posses-
