1889 3221
252 340 335 377 664
492 345 855 379 CARTULARIUM
880 346 1150 379 ABBATHIAE
1176 346 1240 379 DE
1264 347 1512 380 WHITEBY.

249 455 368 496 Petri
388 456 510 497 Ebor.
535 459 578 496 et
599 456 710 496 D'no
732 469 838 505 meo,
861 455 957 496 d'no
980 455 1236 506 Alexandro,
1258 456 1310 497 D.
1330 456 1379 497 G.
1397 457 1521 497 Ebor.
1539 454 1765 508 Archiep’o

249 526 340 572 etc.,
382 523 558 576 ejusque
599 522 915 563 successoribus
957 523 1160 564 canonice
1209 523 1483 572 intrantibus,
1535 535 1766 575 eorumque

251 588 501 629 officialibus
524 591 566 628 et
588 588 807 638 ministris,
829 588 875 628 in
906 588 1119 629 mandatis
1150 588 1283 629 licitis
1305 592 1348 630 et
1380 588 1604 629 canonicis.
1667 587 1768 627 Non

250 667 321 694 ero
342 654 389 694 in
410 654 589 695 consilio
612 668 690 695 nec
711 653 758 694 in
780 654 893 695 facto
914 659 964 695 ut
986 654 1209 708 capiantur
1228 654 1341 694 mala
1362 654 1568 708 captione,
1590 656 1633 694 et
1654 651 1764 706 quod

251 719 384 761 michi
419 733 494 774 per
523 720 688 761 litteras
719 720 788 761 vel
817 734 893 774 per
925 721 1128 761 nuntium
1159 721 1507 769 manifestabunt,
1539 719 1592 760 ad
1625 731 1768 760 eorum

251 785 488 840 dampnum
517 786 682 827 nemini
712 787 911 840 pandam,
942 787 1040 840 jura
1075 790 1117 827 et
1152 786 1372 827 libertates
1408 785 1611 827 Ecclesiae
1644 785 1767 825 Ebor.

251 852 420 905 adjutor
441 866 511 893 ero
542 852 596 893 ad
617 853 933 894 defendendum
955 858 997 893 et
1027 852 1312 902 retinendum,
1335 853 1493 894 Ordine
1515 866 1608 893 meo
1640 851 1768 892 salvo.

254 919 323 959 Sic
345 919 464 960 Deus
490 933 558 960 me
579 919 765 974 adjuvet,
788 923 831 961 et
861 919 951 960 haec
974 919 1129 961 Sancta
1150 919 1396 974 Evangelia,
1417 922 1460 960 et
1489 919 1569 959 1100
1600 916 1771 972 propria

253 999 387 1026 manu
408 986 638 1028 subscribo,

731 1100 895 1142 DCXL
927 1100 1129 1154 (Neville,
1150 1100 1177 1141 f.
1199 1099 1306 1153 40¹³.)

314 1190 369 1230 In
389 1189 474 1231 Dei
495 1190 669 1231 nomine
690 1190 844 1232 Amen.
905 1191 1085 1231 Dudum
1115 1191 1287 1232 Clerum
1310 1194 1352 1231 et
1373 1189 1581 1244 populum
1612 1194 1768 1230 nostrae

254 1255 375 1297 Dioc.
399 1270 452 1297 ex
474 1255 601 1297 officii
631 1257 769 1297 nostri
800 1257 943 1298 debito
971 1257 1209 1306 visitantes,
1240 1257 1352 1297 inter
1384 1260 1535 1297 caetera
1566 1255 1770 1309 comperi-

255 1336 350 1363 mus
385 1322 606 1363 evidenter
638 1322 753 1376 quod
782 1323 988 1377 Religiosi
1009 1323 1104 1372 viri,
1124 1322 1272 1363 Abbas
1304 1326 1347 1363 et
1384 1323 1511 1363 Conv.
1535 1322 1687 1362 Mon'ii
1719 1321 1771 1361 de

254 1389 475 1441 Whiteby,
531 1388 723 1442 ejusdem
773 1393 930 1429 nostrae
979 1389 1113 1437 Dioc.‚
1154 1388 1355 1429 ecclesias
1405 1388 1668 1441 parochiales
1720 1387 1772 1428 (10

257 1455 413 1504 Semar,
427 1453 666 1503 Hakaness,
680 1454 899 1508 Whiteby,
913 1455 1030 1496 Aton
1043 1455 1089 1495 in
1104 1455 1342 1504 Cliveland,
1357 1455 1550 1508 Ingelby,
1564 1454 1772 1495 Middles-

255 1521 405 1575 burgh,
427 1534 525 1561 011111
547 1521 722 1575 capellis
744 1521 1086 1575 dependentibus
1115 1521 1167 1562 ab
1190 1521 1361 1570 eisdem,
1382 1521 1428 1561 in
1448 1521 1641 1574 proprios
1668 1534 1771 1561 usus

256 1591 404 1628 contra
435 1587 506 1640 jus
543 1600 769 1627 commune
806 1600 849 1628 se
883 1587 1037 1628 habere
1073 1587 1357 1640 praetendunt,
1393 1586 1606 1640 portiones
1643 1586 1773 1626 etiam

256 1652 462 1706 quasdam
496 1653 721 1707 garbarum
762 1653 1036 1694 decimalium
1070 1654 1116 1693 in
1150 1653 1340 1694 ecclesiis
1378 1653 1429 1694 (10
1465 1652 1690 1693 Nafferton
1731 1657 1773 1693 et

256 1718 479 1768 Foxholes‚
512 1732 680 1759 necnon
712 1719 940 1772 pensiones
970 1718 1473 1772 infrascriptas:—videl.
1506 1718 1557 1759 de
1594 1718 1773 1759 ecclesia

257 1784 309 1824 (10
351 1784 499 1824 Hoton
539 1784 740 1825 Busshell
771 1784 817 1824 xl
830 1798 873 1834 5.,
909 1785 961 1825 (10
995 1785 1094 1826 0001.
1117 1785 1168 1825 (10
1204 1786 1360 1826 Sutton
1401 1798 1530 1838 super
1569 1785 1773 1825 Derwent

256 1849 345 1890 vis.
366 1849 445 1889 viii
458 1849 509 1898 d.,
531 1849 582 1890 de
613 1849 712 1890 eccl.
735 1850 786 1890 de
808 1849 1044 1903 Slengesby
1065 1850 1145 1890 xiii
1159 1864 1188 1890 5.
1211 1850 1276 1890 1111
1290 1850 1345 1899 d.,
1367 1850 1419 1890 (10
1442 1850 1540 1890 0001.
1563 1849 1616 1890 de
1647 1850 1773 1889 Hun-

257 1917 442 1968 tyngton
474 1914 596 1955 xiiis.
622 1915 688 1954 1111
702 1915 752 1964 (1.,
774 1915 826 1955 de
858 1915 956 1956 0001.
989 1916 1040 1956 (10
1069 1915 1267 1968 Kirkeby
1297 1915 1343 1955 in
1376 1915 1603 1956 Cliveland
1634 1915 1727 1955 lxvi
1741 1929 1772 1956 s.

257 1981 336 2021 viii
349 1981 401 2029 d.,
423 1980 475 2021 de
497 1980 594 2021 eccl.
619 1980 671 2021 de
695 1980 965 2033 Skirpenbek
996 2014 1004 2021 .
1037 2013 1044 2021 .
1079 2014 1086 2022 .
1119 1981 1170 2021 de
1196 1981 1309 2021 facto
1331 1981 1545 2034 recipiunt
1566 1981 1708 2020 firmas
1731 1985 1774 2021 et

258 2047 452 2087 redditus
502 2051 545 2087 et
589 2050 823 2100 proventus
873 2046 924 2087 de
965 2046 1180 2100 praedictis
1222 2046 1412 2087 ecclesiis
1461 2047 1773 2100 provenientes,

259 2126 427 2153 necnon
476 2111 694 2165 portiones
736 2116 778 2153 et
818 2112 1044 2165 pensiones
1095 2112 1405 2166 suprascriptas
1445 2112 1490 2152 in
1531 2125 1634 2153 usus
1675 2126 1772 2153 suos

261 2180 528 2227 convertunt,
564 2182 846 2232 perceperunt
881 2183 924 2218 et
958 2178 1005 2218 in
1039 2174 1153 2218 usus
1180 2178 1426 2232 hujusmodi
1461 2182 1773 2227 converterunt,

260 2258 336 2298 per
394 2257 483 2285 non
542 2243 709 2284 modica
763 2248 955 2297 tempora
1010 2247 1230 2293 retroacta,
1286 2244 1485 2297 quodque
1541 2243 1587 2283 in
1647 2243 1772 2284 dictis

261 2309 450 2351 ecclesiis
490 2309 543 2350 de
583 2309 821 2359 Hakeness,
864 2310 1081 2363 Whiteby,
1121 2309 1252 2359 Aton,
1287 2309 1470 2363 Ingelby
1513 2314 1555 2350 et
1594 2309 1772 2350 Midles-

261 2376 399 2430 burgh
449 2389 535 2416 non
583 2380 684 2416 sunt
725 2376 931 2416 ordinatae
981 2376 1196 2429 portiones
1250 2376 1412 2425 vicarii,
1452 2389 1529 2416 nec
1579 2375 1775 2428 perpetui

260 2442 410 2483 vicarii
449 2441 643 2481 instituti
658 2441 934 2482 2—Volentes
967 2441 1098 2495 igitur
1138 2455 1266 2495 super
1301 2442 1397 2495 jure
1438 2441 1650 2481 dictorum
1691 2441 1772 2481 Re-

260 2507 518 2562 ligiosorum‚
534 2507 572 2547 si
588 2507 701 2560 quod
718 2507 900 2560 speciale
916 2521 992 2561 pro
1014 2520 1057 2548 se
1079 2507 1124 2547 in
1141 2508 1221 2548 hac
1235 2512 1354 2560 parte
1371 2507 1587 2555 haberent,
1603 2506 1772 2560 plenius

260 2571 492 2622 informari,
524 2572 694 2613 eosdem
714 2572 949 2626 Religiosos
982 2572 1034 2612 ad
1065 2577 1229 2613 certum
1260 2573 1372 2612 diem
1404 2575 1446 2613 et
1475 2572 1617 2612 locum
1648 2585 1774 2624 super

261 2638 490 2693 praemissis
528 2651 668 2678 coram
704 2638 825 2678 nobis
863 2639 917 2678 ad
946 2638 1159 2691 judicium
1194 2638 1374 2679 fecimus
1408 2638 1585 2688 evocari,
1617 2637 1771 2690 quibus

261 2719 402 2746 coram
423 2704 545 2745 nobis
566 2717 642 2758 per
670 2707 997 2758 procuratorem,
1020 2704 1302 2745 sufficientem
1327 2704 1372 2743 in
1393 2704 1471 2744 hac
1492 2708 1611 2757 parte
1632 2708 1772 2757 potes-

260 2774 395 2811 tatem
425 2770 665 2819 habentem,
687 2770 740 2810 ad
762 2770 874 2811 diem
896 2774 939 2811 et
959 2770 1101 2810 locum
1132 2770 1192 2810 eis
1223 2769 1458 2823 assignatos
1490 2769 1771 2822 comparenti-

261 2836 354 2884 bus,
394 2835 685 2888 exhibitisque
719 2849 795 2889 per
833 2839 1149 2889 procuratorem
1190 2834 1420 2876 eorundem
1460 2834 1770 2887 Religiosorum

261 2900 481 2941 nonnullis
521 2900 677 2941 litteris
718 2905 808 2940 tam
848 2900 1093 2953 apostolicis
1130 2913 1260 2953 quam
1302 2898 1569 2952 quorundam
1609 2899 1769 2952 praede-

263 2978 476 3006 cessorum
501 2969 751 3015 nostrorum,
777 2979 825 3006 ac
850 2965 955 3006 alias
981 2965 1271 3019 quorumlibet
1292 2963 1584 3010 munimentis,
1615 2964 1771 3018 quibus
