1889 3273
340 367 707 401 CARTULARIUM
735 366 1003 399 ABBATHIAE
1029 365 1093 398 DE
1117 365 1364 398 WHITEBY.
1532 357 1611 394 429

680 518 1030 560 CCCCLXXIV.

150 620 364 662 Noverint
393 620 508 661 univ.
539 632 614 673 per
643 623 874 672 praesentes
905 617 1019 672 quod
1051 631 1138 672 ego,
1158 616 1402 658 Alexander
1433 616 1484 657 de
1515 615 1615 656 Lith

92 686 144 727 de
165 685 383 739 Whiteby,
404 685 549 726 remisi
581 685 659 739 [et]
694 684 883 726 relaxavi
905 683 1106 733 Thomas}
1127 683 1289 724 Abbati
1321 683 1371 723 de
1395 682 1615 737 Whiteby,

92 752 309 793 Willelmo
333 752 470 802 Hode,
492 765 694 793 converso
717 751 908 806 ejusdem
931 751 1094 799 domus,
1112 754 1154 791 et
1176 750 1361 791 Roberto
1384 749 1436 790 de
1457 749 1617 790 Roder-

91 818 226 868 hame,
258 818 525 860 omnimodas
560 818 748 859 actiones
782 818 1025 872 personales
1056 830 1162 871 quas
1199 830 1295 870 erga
1329 816 1445 870 ipsos
1481 816 1615 856 habeo

91 885 162 926 vel
193 885 325 926 habui
357 888 456 926 ante
488 884 600 925 diem
633 884 912 925 confectionis
942 883 1230 937 praesentium.
1292 881 1454 923 Remisi
1485 881 1615 922 etiam

94 955 134 992 et
156 951 284 993 relax.
307 951 480 992 omnino
513 950 564 992 de
593 964 661 991 me
694 954 736 991 et
766 950 864 991 haer.
889 949 1006 999 meis,
1031 948 1109 1003 [et]
1133 962 1200 1002 qn.
1224 948 1272 989 61.
1297 948 1434 989 eidem
1459 947 1616 987 Abbati

93 1022 136 1058 et
168 1017 297 1059 Oonv.
326 1017 377 1057 de
409 1017 627 1070 VVhiteby,
650 1020 693 1058 et
723 1030 833 1057 succ.
865 1015 954 1056 suis
986 1016 1032 1055 in
1063 1028 1191 1068 perp„
1222 1018 1361 1055 totum
1389 1014 1460 1068 jus
1493 1017 1532 1054 et
1566 1013 1617 1054 61.

92 1096 236 1124 meum
257 1082 309 1123 de
332 1096 586 1136 quacunque
617 1095 845 1123 communa
875 1086 1061 1135 pasturae
1090 1095 1184 1135 quae
1216 1080 1363 1130 habeo,
1384 1080 1455 1121 vel
1486 1079 1618 1120 habui

91 1149 254 1189 ratione
291 1148 472 1202 alicujus
512 1148 713 1203 burgagii,
744 1148 814 1189 vel
845 1147 1005 1202 scripti,
1036 1148 1082 1188 in
1115 1161 1225 1188 011111.
1257 1147 1347 1188 t'ris
1384 1152 1426 1188 et
1461 1151 1615 1187 16116111.

92 1214 389 1268 praedictorum
440 1214 550 1256 Abb.
592 1219 635 1256 et
687 1215 817 1256 Conv.
860 1214 972 1254 infra
1013 1212 1272 1268 Acregarth2
1312 1213 1359 1254 in
1400 1213 1517 1254 villis
1564 1213 1615 1253 de

93 1281 312 1334 Whiteby,
345 1281 594 1335 Stakeseby,
626 1281 837 1331 Neuham,
875 1280 1095 1335 Presteby,
1126 1280 1328 1334 Soureby,
1359 1279 1616 1333 Risewarpe,

93 1347 405 1401 Northfilynge‚
437 1347 748 1402 Southfilynge,
780 1348 951 1401 Stoupe,
983 1351 1025 1388 et
1060 1347 1322 1396 Hakenesse‚
1354 1350 1397 1387 et
1426 1346 1473 1386 in
1504 1359 1613 1387 omn.

93 1413 187 1455 aliis
218 1413 306 1454 t'ris
330 1418 372 1454 et
392 1417 476 1454 ten.
499 1414 625 1467 praed.
648 1414 828 1455 Abbatis
851 1418 894 1455 et
918 1413 1061 1462 Conv„
1082 1413 1128 1453 in
1159 1413 1487 1467 quibuscunque
1519 1412 1615 1453 aliis

92 1479 208 1520 villis
239 1479 286 1519 in
319 1480 434 1521 Com.
458 1479 767 1521 Ebor.—videl.
790 1480 837 1520 in
869 1493 979 1520 omn.
1002 1479 1091 1519 t'ris
1124 1479 1246 1528 arab,
1268 1479 1414 1532 pratis,
1435 1478 1616 1532 pascuis,

92 1545 290 1599 pasturis,
322 1545 471 1595 boscis,
494 1550 536 1586 et
566 1546 612 1585 in
643 1559 753 1587 omn.
785 1549 940 1586 tenem.
965 1545 1052 1586 suis
1085 1558 1180 1598 quee
1211 1548 1313 1585 sunt
1344 1545 1455 1584 infra
1486 1545 1617 1585 Acre-

93 1611 218 1665 garth
248 1611 295 1651 in
330 1611 458 1664 praed.
493 1612 608 1652 villis
645 1612 840 1666 superius
877 1611 1124 1661 nominatis,
1155 1611 1225 1652 vel
1261 1611 1376 1660 alibi,
1407 1611 1452 1650 in
1488 1610 1615 1664 praed.

96 1678 210 1718 Com.
249 1675 361 1730 (75¹³)
398 1677 675 1718 Ebor.:—Ita
706 1678 821 1732 quod
856 1691 934 1718 1166
971 1691 1058 1732 ego,
1089 1678 1216 1731 praed.
1248 1677 1506 1726 Alexander,
1537 1691 1615 1718 nec

95 1743 192 1784 haer.
214 1744 310 1793 mei,
332 1743 505 1797 aliquod
532 1744 640 1797 juris
663 1744 732 1785 vel
754 1744 803 1785 cl.
828 1744 878 1785 de
901 1757 1128 1784 communa
1148 1747 1333 1798 pasturae
1353 1744 1467 1784 infra
1486 1744 1618 1785 Acre-

94 1809 217 1864 garth
238 1810 285 1850 in
305 1810 431 1864 praed.
453 1811 576 1851 terris
598 1811 668 1851 vel
689 1815 787 1860 ten„
807 1810 971 1852 ratione
1003 1811 1196 1865 burgagii
1217 1810 1287 1851 vel
1317 1810 1498 1864 alicujus
1530 1825 1619 1861 scr„

97 1880 146 1916 ut
176 1876 301 1930 praed.
335 1881 410 1926 est,
442 1877 610 1931 exigere
641 1877 711 1918 vel
741 1877 864 1919 vend.
896 1877 1129 1931 poterimus
1160 1877 1207 1917 in
1243 1877 1463 1918 futurum:
1499 1877 1618 1918 salva

98 1942 230 1983 michi
260 1946 303 1983 et
333 1942 431 1984 haer.
454 1943 560 1984 meis
592 1957 695 1984 60111.
718 1947 903 1998 pasturae
934 1944 980 1984 in
1010 1943 1139 1984 moris
1162 1947 1205 1985 et
1235 1944 1368 1984 vastis
1390 1957 1485 1998 quae
1516 1949 1619 1985 sunt

97 2011 218 2049 extra
233 2008 471 2063 Acregarth
492 2009 538 2049 in
558 2010 773 2063 praedictis
789 2009 915 2051 villis.
969 2010 1023 2050 In
1040 2010 1162 2063 cujus
1178 2024 1208 2051 r.
1225 2014 1319 2051 test.
1337 2010 1618 2063 praesentibus

98 2075 171 2129 sig.
205 2088 350 2115 meum
386 2075 575 2129 apposui.
636 2076 801 2116 Datum
838 2090 902 2130 ap.
939 2076 1147 2130 Whiteby
1178 2076 1247 2117 die
1282 2076 1463 2117 Veneris
1498 2091 1616 2131 prox,

99 2144 195 2194 post
217 2141 376 2182 festum
397 2141 701 2195 Apostolorum
723 2142 840 2183 Petri
862 2146 904 2183 et
925 2142 1050 2183 Pauli
1072 2156 1183 2183 anno
1205 2143 1323 2197 regni
1344 2143 1469 2198 Angl.
1488 2144 1617 2198 Regis

99 2206 301 2247 Edwardi
322 2207 439 2248 tertii
461 2212 556 2261 post
579 2208 874 2262 Conquestum
893 2208 1096 2249 vicesimo
1118 2209 1301 2251 octavo.3

156 2272 486 2314 Memorandum
519 2274 632 2327 quod
662 2274 746 2315 ista
776 2288 844 2328 qu.
876 2274 998 2316 clani.
1024 2288 1152 2328 supra
1183 2275 1339 2329 scripta
1370 2275 1619 2316 irrotulatur

97 2338 145 2379 in
173 2339 328 2389 Banco,
349 2339 488 2380 rotulo
519 2339 656 2393 primo
679 2340 730 2380 de
752 2340 879 2381 cartis
909 2345 951 2381 et
982 2341 1330 2394 protectionibus,
1353 2341 1405 2382 de
1436 2341 1617 2382 termino

100 2404 335 2455 Trinitatis,
370 2419 482 2446 anno
523 2419 553 2447 r.
591 2406 638 2446 R.
677 2406 876 2447 Edwardi
915 2406 1035 2447 tertii
1070 2420 1094 2447 a
1131 2407 1380 2461 Conquestu
1415 2407 1618 2449 vicesimo

100 2475 260 2513 octavo.

148 2560 160 2582 1
185 2562 335 2594 Thomas
353 2562 396 2594 de
413 2561 674 2605 Haukesgarth.

148 2615 162 2637 2
187 2616 250 2649 See
267 2619 350 2649 note
367 2618 399 2657 4,
415 2628 445 2659 p.
462 2619 541 2656 425,
555 2620 592 2649 to
609 2617 795 2660 preceding
807 2617 1003 2651 document.
1047 2618 1098 2650 As
1114 2618 1175 2650 the
1189 2618 1364 2651 Acredike
1379 2630 1449 2651 was
1462 2619 1523 2652 the
1537 2620 1619 2652 dike

101 2672 336 2715 surrounding
354 2672 422 2704 and
439 2672 637 2715 protecting
653 2672 714 2704 the
732 2683 880 2714 campus,
903 2683 941 2704 οι·
958 2673 1157 2705 corn-lands
1176 2674 1211 2705 of
1234 2674 1316 2706 each
1335 2675 1468 2707 several
1486 2675 1558 2714 vill,
1581 2686 1618 2707 so

101 2726 162 2758 the
182 2726 438 2769 “Acregarth’'
455 2727 551 2759 itself
575 2738 645 2760 was
670 2728 731 2759 the
757 2738 857 2769 space
882 2738 919 2760 so
945 2728 1171 2768 surrounded,
1194 2729 1254 2761 the
1280 2729 1431 2762 element
1451 2731 1585 2773 “garth
1599 2729 1617 2745 ’³

101 2781 298 2825 depending
323 2793 368 2814 011
392 2782 430 2815 O.
450 2783 493 2814 N.
513 2781 630 2824 yar-“523
653 2794 697 2815 an
723 2783 882 2815 enclosed
906 2794 1016 2825 space.
1068 2784 1141 2815 The
1165 2787 1307 2826 present
1331 2785 1420 2817 deed
1445 2785 1565 2817 makes
1590 2786 1619 2818 it

102 2839 271 2878 apparent
296 2837 375 2870 that
400 2838 461 2870 the
486 2838 584 2870 word
609 2849 681 2872 was
706 2838 898 2881 applicable
925 2839 962 2870 in
987 2839 1072 2871 each
1098 2839 1134 2872 of
1162 2840 1223 2872 the
1248 2840 1328 2873 vills
1357 2851 1395 2873 or
1423 2841 1617 2883 townships

102 2892 236 2924 named.

150 2944 164 2966 3
188 2946 274 2988 July
291 2947 322 2986 4,
348 2948 447 2980 1354.
499 2947 666 2990 Through
684 2959 728 2980 an
746 2948 993 2981 inadvertence
1015 2950 1103 2982 1355
1129 2949 1159 2982 is
1184 2950 1324 2992 printed
1350 2961 1394 2983 on
1420 2962 1451 2993 p.
1470 2951 1615 2984 lxxxvii.

104 3000 171 3032 vol.
191 3000 224 3039 i.,
243 3001 312 3033 and
328 3001 363 3033 in
381 3002 442 3034 the
461 3005 549 3035 note.
