1889 3221
371 396 733 430 OARTULARIUM
758 395 1027 428 ABBATHIAE
1053 395 1116 427 DE
1140 394 1388 427 WHITEBY.
1547 385 1627 423 551

122 518 198 558 per
231 519 307 547 nos
342 520 471 560 quam
504 520 580 560 per
611 505 902 560 progenitores
936 509 1114 555 nostros,
1147 504 1503 559 qualitercunque
1534 515 1633 543 con-

121 573 263 622 cessis,
284 573 397 613 facta
418 573 578 623 existit,
598 586 685 613 non
707 572 991 613 obstantibus.
1054 571 1153 612 Hiis
1170 571 1364 612 testibus.
1424 568 1635 611 Venerab.

120 639 326 691 patribus,
343 640 372 681 J
376 639 579 693 [ohanne]
600 638 828 692 Archiep'o
852 638 1063 689 Cantuar„
1085 638 1218 678 totius
1239 636 1411 691 Angliae
1431 635 1635 684 Primate,

121 703 387 746 Cancellario
403 709 557 747 nostro.
599 704 856 758 W[inelm0]
875 704 1127 754 Lincoln.‚et
1141 704 1302 744 Thoma
1316 702 1491 752 Eliensi,
1505 701 1632 755 Ep'is.

122 770 351 813 Carissimo
382 771 596 813 avunculo
628 775 784 821 nostro,
808 771 1039 812 Humfrido
1062 771 1312 820 Gloucestr„
1343 774 1387 811 et
1415 768 1633 810 carissimo

122 838 437 892 consanguineo
478 841 636 887 nostro,
677 837 706 878 J
711 837 877 878 ohanne
918 838 1065 887 Exon„
1105 837 1313 878 Ducibus.
1395 834 1635 877 Carissimis

121 903 448 958 consanguineis
479 903 636 945 nostris
667 904 897 944 Edmundo
928 904 1108 952 Dorset.‚
1138 906 1182 944 et
1201 902 1420 944 Willelmo
1452 900 1636 949 Suffolc„

121 969 456 1011 Marchionibus.
517 970 740 1011 Willelmo
772 969 995 1019 Arundell,
1027 973 1070 1010 et
1092 968 1273 1010 Ricardo
1306 969 1470 1018 Sarum,
1492 965 1633 1009 Comi-

121 1035 247 1076 tibus.
309 1036 493 1077 Dilectis
527 1039 570 1077 et
604 1036 803 1076 fidelibus
835 1036 1005 1085 nostris,
1042 1034 1269 1088 Radulpho
1302 1032 1552 1084 Cromwell;
1593 1034 1636 1073 et

123 1100 352 1155 Radulpho
395 1101 568 1156 Sudley‚
618 1102 897 1143 Thesaurario
948 1104 1116 1152 nostr03
1157 1101 1386 1142 Militibus.
1462 1099 1634 1140 Dilecto

122 1167 274 1208 clerico
315 1171 474 1218 nostro,
521 1168 731 1222 Magistro
772 1167 914 1208 Adam
963 1167 1204 1221 Moleynes‚
1246 1166 1435 1208 Custode
1475 1164 1635 1219 privati

123 1232 264 1287 Sigilli
304 1234 468 1275 nostri:
500 1237 542 1275 et
583 1234 690 1275 aliis.
750 1234 915 1275 Datum
956 1247 1031 1287 per
1071 1247 1248 1274 manum
1289 1236 1479 1273 nostram
1520 1229 1635 1284 apud

121 1299 299 1341 Westm.
317 1300 445 1341 tertio
467 1300 534 1342 die
556 1300 816 1342 Decembris.

238 1391 320 1431 Per
349 1390 491 1445 ipsum
523 1392 694 1445 Regem,
723 1394 766 1432 et
797 1391 848 1432 de
879 1391 978 1432 dato
1010 1391 1226 1445 praedicto,
1248 1390 1501 1431 auctoritate
1533 1389 1633 1428 Par-

296 1457 505 1507 liamenti,
527 1461 570 1498 et
590 1471 665 1511 pro
687 1458 843 1512 viginti
864 1458 996 1498 libris.

730 1606 1023 1647 DLXXXIV.

187 1695 336 1749 [Great
359 1696 550 1737 Coucher
571 1696 689 1737 Book
711 1696 757 1737 of
774 1696 847 1738 the
868 1696 1029 1750 Duchy
1051 1696 1096 1736 of
1115 1696 1355 1745 Lancaster,
1376 1699 1409 1737 1.
1426 1695 1452 1736 f.
1479 1698 1571 1743 386,

702 1762 867 1803 Record
892 1762 1054 1816 Office]

183 1852 407 1902 Henricus,
458 1852 550 1893 Rex
599 1852 777 1906 Angliae,
827 1852 1078 1906 Archiep'is,
1128 1852 1256 1906 Ep’is,
1307 1854 1397 1900 etc„
1443 1850 1634 1892 salutem.

125 1918 279 1959 Sciatis
314 1932 390 1959 nos
426 1919 682 1960 concessisse
720 1922 763 1959 et
794 1919 1063 1959 confirmasse
1094 1918 1297 1959 Ecclesiae
1329 1918 1370 1959 S.
1405 1916 1564 1966 Hildae,
1594 1920 1636 1957 et

124 1984 342 2026 monachis
391 1985 438 2025 in
488 1985 635 2026 eadem
682 1985 779 2028 *Deo
821 1998 940 2034 serV.‚
981 1985 1254 2026 donationem
1296 1998 1425 2038 quam
1470 1982 1636 2024 Alanus

126 2051 275 2092 Bucell
305 2051 365 2092 eis
396 2051 499 2091 fecit
520 2051 571 2091 de
594 2050 779 2104 quadam
809 2053 921 2091 terra
942 2064 1038 2104 quae
1069 2050 1226 2091 dicitur
1248 2049 1490 2099 Westcroft,
1512 2052 1555 2090 et
1585 2048 1636 2088 de

124 2117 398 2171 pertinenciis
420 2117 519 2158 suis.
582 2117 721 2166 Quare
742 2116 837 2157 volo
859 2121 902 2157 et
926 2117 1125 2170 praecipio
1157 2115 1271 2170 quod
1301 2115 1500 2169 praedicta
1524 2114 1638 2156 Eccl.

126 2187 168 2225 et
198 2183 395 2224 monachi
427 2183 548 2224 t'ram
580 2183 698 2223 illam
735 2182 842 2224 bene
879 2187 921 2224 et
951 2183 998 2223 in
1027 2196 1142 2236 pace,
1175 2182 1305 2223 libere
1336 2185 1380 2222 et
1420 2181 1563 2234 quiete
1594 2183 1638 2221 et

125 2249 355 2290 honorifice
390 2253 577 2298 teneant,
613 2262 710 2289 cum
746 2252 851 2302 pert.
888 2249 993 2302 ejus,
1034 2248 1147 2289 sicut
1186 2247 1389 2301 praefatus
1432 2246 1636 2300 [Alanus]

126 2315 277 2356 Bucell
317 2315 377 2355 eis
418 2314 538 2355 dedit
568 2317 611 2355 et
642 2314 853 2354 concessit
884 2318 928 2354 et
969 2318 1084 2354 carta
1120 2326 1198 2353 sua
1238 2311 1516 2353 confirmavit.
1592 2311 1636 2351 T.

126 2381 193 2422 W.
217 2382 347 2421 Marc.
366 2396 374 2430 ;
399 2384 442 2421 et
463 2380 509 2421 R.
533 2380 585 2420 de
608 2379 804 2430 Couhill;
835 2383 878 2420 et
898 2379 1060 2419 Fulcho
1081 2378 1134 2419 de
1156 2378 1286 2432 Oilly.
1346 2377 1474 2431 Apud
1497 2376 1638 2417 WVest-

131 2446 488 2500 m[onasterium].

305 2577 572 2619 DLXXXV.
605 2577 773 2618 ROTULI
796 2576 1085 2625 CHARTARUM,
1111 2580 1129 2616 1
1156 2576 1185 2617 J
1189 2585 1279 2616 OHN
1301 2575 1463 2629 [1199]

615 2642 861 2683 PROTECTIO
883 2652 940 2681 DE
960 2642 1156 2682 WYTEBI.

185 2743 214 2784 J
218 2742 283 2784 oh.
304 2742 357 2783 D.
380 2741 443 2793 G„
464 2746 540 2784 etc.
602 2741 756 2783 Sciatis
778 2754 855 2782 nos
877 2740 1115 2794 suscepisse
1135 2739 1183 2780 in
1202 2739 1578 2794 manucaptionem
1597 2741 1641 2781 et

127 2808 436 2862 protectionem
466 2812 655 2849 nostram
676 2807 853 2848 dilectos
884 2811 1063 2856 nostros,
1089 2806 1307 2846 Abbatem
1337 2809 1380 2847 et
1410 2805 1640 2847 monachos

129 2873 325 2915 Abbatiae
357 2874 410 2915 de
430 2874 606 2924 witebi,
639 2877 681 2915 et
713 2887 859 2914 omnes
891 2873 1100 2922 homines,
1132 2876 1276 2922 terras,
1305 2885 1371 2913 res
1404 2876 1448 2913 et
1477 2885 1641 2926 posses-

130 2939 268 2981 siones
299 2953 457 2989 eorum,
478 2944 521 2981 et
550 2940 644 2981 ideo
666 2939 788 2980 vobis
814 2938 1068 2980 mandamus
1100 2941 1142 2979 et
1172 2937 1350 2979 firmiter
1369 2937 1641 2992 praecipimus

131 3005 334 3057 quatinus
365 3006 589 3059 praedictos
611 3006 823 3046 Abbatem
855 3008 898 3046 et
926 3003 1169 3053 monachos,
1190 3007 1232 3045 et
1262 3016 1408 3044 omnes
1435 3003 1641 3052 homines,
