1889 3221
178 338 259 376 438
415 348 773 383 CARTULARLUM
802 352 1067 385 ABBATHIAE
1095 353 1159 385 DE
1184 354 1430 387 WHITEBY.

602 476 839 518 CCCCXC.
874 478 985 518 ITEM
1008 489 1063 518 DE
1085 478 1271 520 EODEM.1

237 562 358 603 Omn.
394 564 431 605 S.
467 565 623 607 Matris
653 567 764 607 Eccl.
798 567 909 617 filiis,
938 572 1027 609 tam
1057 583 1176 623 praes.
1201 584 1328 624 quam
1361 570 1450 620 fut„
1481 570 1691 611 Robertus

176 628 230 668 fil.
265 629 475 670 Willelmi
506 631 558 672 de
588 632 815 683 Aiketona‚
846 634 1038 676 salutem.
1102 635 1254 676 Sciatis
1286 649 1432 676 omnes
1463 636 1576 689 quod
1605 649 1691 690 ege,

179 694 387 736 Robertus
424 696 477 736 fil.
517 697 726 739 VVillelmi
763 700 814 741 de
851 700 1075 751 Aiketona‚
1112 702 1277 742 reddidi
1313 706 1355 742 et
1391 702 1531 755 optuli
1566 715 1692 754 super

177 759 309 801 altare
341 761 392 802 de
423 762 600 818 Witeby
631 765 724 818 (87)
757 766 848 807 Deo
880 771 923 807 et
945 767 982 807 S.
1007 767 1131 808 Petro
1148 772 1190 809 et
1213 768 1251 809 S.
1274 768 1430 817 Hildae,
1451 767 1692 808 monachis-

178 839 260 879 que
290 826 390 867 ibid.
422 828 515 869 Deo
546 843 662 880 serv.>
682 831 830 872 villam
862 832 913 873 de
942 833 1093 887 Filing,
1116 847 1212 874 cum
1243 847 1353 874 omn.
1376 837 1479 887 pert.
1504 833 1618 884 suis3
1649 838 1692 874 et

178 891 383 945 quicquid
408 894 517 947 juris
548 896 593 936 in
624 897 770 938 eadem
800 898 905 939 villa
934 899 1109 940 videbar
1138 899 1292 940 habere
1327 913 1394 953 qu.
1428 899 1609 940 clamavi
1641 899 1692 940 de

178 970 245 998 me
277 963 319 999 et
350 959 401 1000 de
431 960 528 1002 haer.
562 963 668 1003 meis
700 963 901 1005 Ecclesiae
932 965 984 1005 de
1014 965 1190 1019 Witeby
1219 965 1266 1005 in
1295 978 1409 1019 perp.
1442 968 1485 1005 et
1514 964 1692 1005 liberam

178 1022 309 1073 elem,
341 1027 596 1068 concedente
632 1033 675 1069 et
711 1043 931 1071 assensum
967 1031 1180 1084 praebente
1215 1030 1434 1072 Willelmo
1468 1030 1555 1070 filio
1586 1043 1691 1070 meo.

180 1089 360 1143 Insuper
386 1106 484 1133 vero
510 1094 654 1146 juravi
684 1109 810 1149 super
840 1096 983 1146 altare,
1014 1101 1057 1138 et
1077 1111 1204 1151 super
1234 1110 1379 1138 omnes
1406 1100 1691 1137 sacrosanctas

177 1155 377 1209 reliquias
410 1159 599 1212 ejusdem
634 1161 845 1212 Ecclesiae,
880 1176 948 1204 me
983 1177 1204 1216 nunquam
1235 1162 1407 1216 aliquod
1438 1166 1599 1203 rectum
1629 1175 1692 1202 re-

179 1221 461 1264 clamaturum
488 1226 535 1266 in
555 1240 752 1280 praenom.
775 1242 811 1268 v.
835 1229 887 1269 de
914 1229 1066 1283 Filing,
1088 1243 1225 1282 neque
1247 1229 1433 1282 aliquem
1454 1242 1529 1282 per
1549 1241 1627 1277 me,
1650 1232 1693 1268 et

178 1288 239 1328 ita
273 1291 516 1332 renuntiavi
546 1293 634 1346 juri
668 1308 762 1335 meo
793 1295 907 1348 quod
927 1295 1103 1336 videbar
1124 1295 1279 1336 habere
1299 1295 1345 1335 in
1365 1295 1440 1335 illa
1461 1294 1574 1335 villa.
1635 1294 1691 1333 Et

177 1355 325 1396 Abbas
356 1357 576 1408 Ricardus‚
598 1373 652 1400 ex
682 1361 888 1414 petitione
923 1375 1028 1413 mea,
1058 1362 1157 1402 ibid.
1191 1375 1330 1402 coram
1365 1361 1488 1401 altari
1524 1374 1690 1401 excom-

178 1421 416 1464 municavit
451 1437 595 1466 omnes
632 1427 706 1480 qui
741 1428 1001 1469 antedictam
1037 1428 1187 1469 villam
1228 1441 1252 1468 a
1292 1427 1505 1468 dominica
1544 1440 1691 1467 mensa

179 1488 379 1530 Ecclesiae
406 1490 698 1543 alienaverint,
729 1494 798 1535 vel
829 1494 1065 1535 Ecclesiam
1096 1495 1147 1535 de
1168 1494 1343 1547 witeby
1374 1494 1533 1546 injuste
1563 1506 1689 1533 vexa-

180 1553 329 1604 verint,
346 1559 388 1596 et
403 1557 588 1599 maxime
604 1558 701 1600 haer.
719 1573 833 1601 meos
856 1560 892 1601 si
908 1574 1098 1614 unquam
1116 1563 1262 1601 contra
1277 1559 1355 1600 hoc
1371 1572 1514 1600 meum
1528 1559 1690 1599 factum

179 1623 534 1676 praesumpserint.
597 1626 695 1666 Hiis
716 1626 909 1667 testibus.
973 1627 1179 1668 Gaufrido
1203 1625 1452 1667 Sacerdote:
1483 1628 1525 1666 et
1546 1624 1650 1665 aliis.

292 1744 553 1788 CCOOXCI.
592 1748 826 1790 ROBERTus
848 1760 904 1790 DE
926 1749 1203 1791 SroLINGHAL'
1227 1760 1283 1789 DE
1305 1749 1582 1790 SUTHFILING.

237 1834 446 1877 Omnibus
481 1837 560 1879 hoc
597 1852 670 1879 scr.
708 1840 782 1881 vis.
819 1840 888 1881 vel
924 1841 1031 1891 aud„
1061 1840 1306 1881 Willehnus
1341 1839 1396 1879 fil.
1430 1838 1604 1879 Roberti
1639 1838 1690 1879 de

179 1900 435 1954 Siclinghal’,
461 1903 651 1945 salutem.
704 1906 884 1947 Noverit
908 1907 1021 1947 univ.
1045 1910 1186 1947 vestra
1206 1919 1285 1955 me,
1306 1918 1381 1959 pro
1404 1918 1431 1945 s.
1455 1918 1488 1944 a.
1511 1917 1626 1953 meae,
1649 1908 1691 1944 et

178 1970 491 2009 antecessorum
512 1984 713 2021 meorum,
737 1972 839 2021 ded,
861 1986 986 2021 conc,
1009 1977 1051 2014 et
1071 1973 1150 2013 hac
1166 1986 1224 2025 pr.
1244 1985 1274 2012 c.
1292 1984 1388 2011 mea
1404 1971 1512 2011 conf.
1534 1970 1625 2010 Deo
1648 1974 1690 2010 et

178 2033 288 2074 Eccl.
313 2034 350 2075 S.
375 2035 490 2076 Petri
514 2040 555 2076 et
577 2037 614 2078 S.
638 2037 784 2078 Hfldae
806 2038 857 2079 de
877 2039 1065 2093 Witeby,
1087 2042 1128 2080 et
1149 2039 1313 2091 Rogero
1334 2036 1494 2077 Abbati
1515 2040 1558 2076 et
1578 2049 1687 2076 mon.

178 2099 278 2140 ibid.
300 2100 392 2141 Deo
415 2114 530 2151 serv„
552 2116 684 2143 unam
705 2117 889 2145 marcam
911 2118 1098 2145 61111116111
1120 2117 1248 2158 quam
1269 2103 1481 2156 percipere
1504 2101 1689 2142 solebam

180 2165 232 2205 ab
254 2166 413 2207 eisdem
433 2167 602 2209 Abbate
625 2173 666 2209 et
687 2183 796 2210 mon.
820 2184 893 2223 pro
916 2171 1020 2211 villa
1041 2171 1092 2212 de
1113 2171 1265 2224 Filing,
1287 2182 1415 2223 quam
1446 2167 1620 2221 quidem
1651 2181 1687 2207 v.

180 2245 255 2285 ego
270 2232 321 2273 de
335 2236 483 2274 caetero
498 2236 680 2276 concedo
695 2236 753 2276 eis
770 2242 812 2277 et
829 2237 1029 2277 confirmo
1045 2237 1091 2277 in
1107 2251 1209 2290 pur„
1225 2236 1309 2285 lib.‚
1326 2238 1368 2275 et
1380 2248 1493 2288 perp.
1513 2233 1688 2274 elem.—

180 2297 273 2350 (89)
305 2298 374 2339 Ita
409 2299 581 2352 quidem
612 2301 726 2354 quod
755 2302 885 2342 michi
917 2307 958 2344 et
986 2303 1082 2343 haer.
1114 2303 1218 2344 meis
1249 2301 1383 2342 nichil
1411 2300 1570 2340 retineo
1605 2299 1690 2339 nisi

181 2363 304 2403 dictae
325 2365 606 2406 concessionis
627 2367 924 2409 defensionem.
972 2369 1027 2409 Et
1042 2369 1087 2409 in
1104 2369 1232 2422 hujus
1253 2367 1313 2408 rei
1333 2369 1426 2407 test.
1449 2379 1509 2418 pr.
1533 2364 1688 2418 scripto

180 2428 251 2482 sig.
294 2443 437 2470 meum
478 2432 664 2485 apposui.
742 2433 840 2474 Hiis
880 2435 1073 2475 testibus.
1149 2433 1357 2487 Magistro
1398 2431 1595 2472 <Iohanne
1636 2430 1687 2470 de

180 2494 223 2533 N
226 2508 398 2544 euvverc,
429 2499 531 2537 tunc
564 2497 745 2538 Officiali
777 2499 1028 2540 Gleveland'.
1089 2499 1297 2553 Magistro
1322 2497 1505 2551 Hugone
1533 2496 1584 2536 de
1607 2495 1687 2536 Sil-

179 2564 289 2600 tona.
351 2561 557 2615 Magistro
579 2563 739 2605 Thoma
760 2564 810 2605 de
832 2565 1089 2620 Tunebrige:
1121 2569 1163 2606 et
1184 2564 1287 2605 aliis.

792 2687 1080 2729 OOCOXOH.

239 2774 448 2816 Omnibus
488 2774 564 2815 has
603 2775 683 2816 litt.
721 2777 796 2817 vis.
834 2778 903 2819 vel
943 2778 1049 2828 aud,
1086 2776 1290 2817 Ricardus
1330 2775 1385 2815 fil.
1422 2773 1593 2814 Richeri
1634 2774 1685 2814 de

180 2838 388 2894 Fssyngess
428 2839 618 2880 salutem.
699 2841 915 2884 Noveritis
964 2857 1032 2884 me
1073 2842 1238 2883 dedisse
1279 2844 1322 2882 et
1361 2853 1428 2893 qu.
1472 2839 1520 2879 cl.
1562 2839 1680 2879 illam

181 2906 371 2960 placeam
402 2918 529 2958 quam
557 2906 586 2946 J
589 2905 775 2947 ohannes
803 2908 948 2948 Abbas
980 2912 1022 2949 et
1053 2908 1183 2949 Conv.
1216 2907 1268 2947 de
1289 2905 1495 2958 Whiteby
1518 2918 1683 2945 conces-

228 2987 241 3010 1
266 2987 477 3030 Essentially
495 2988 555 3020 the
574 3000 667 3023 same
685 3001 721 3025 as
740 2990 804 3023 No.
822 2992 878 3022 49.
1233 2987 1247 3009 2
1271 2989 1333 3022 See
1351 2988 1434 3021 Nos.
1458 2988 1532 3026 165,
1560 2987 1634 3024 167.
