1889 3221
209 359 289 395 458
471 367 831 399 CARTULARIUM
856 367 1123 398 ABBATHIAE
1150 367 1214 398 DE
1239 366 1485 399 WHITFBY.

860 527 1076 568 DXVHI.

268 625 431 665 Notum
453 626 508 666 sit
529 626 726 666 omnibus
748 631 837 667 tam
858 640 975 680 praes.
999 640 1127 679 quam
1149 627 1238 674 fut„
1261 626 1375 679 quod
1405 639 1491 679 ego,
1513 623 1725 666 secundus

210 690 444 741 Ricardus}
475 691 620 732 Abbas
653 692 704 733 de
736 692 953 746 Whiteby‚
985 706 1159 733 assensu
1193 692 1327 746 Capit.
1360 691 1506 741 nostri,
1537 689 1726 731 concessi

211 756 425 810 Torphino
447 757 534 799 filio
557 758 790 812 T01·phini,2
807 763 849 799 et
867 758 1009 800 Odoni
1030 759 1150 799 fratri
1172 772 1259 807 suo,
1281 763 1324 799 et
1339 758 1436 798 haer.
1456 757 1555 806 suis,
1576 756 1725 797 villam

210 823 261 863 de
284 823 510 877 Brokesay,
532 838 629 865 cum
650 830 754 879 pert.
777 825 865 866 suis
875 825 1157 866 —Reddendo
1182 825 1293 866 Eccl.
1317 829 1472 865 nostrae
1503 823 1726 865 annuatim

211 889 355 930 decem
387 890 543 931 solidos
574 905 649 945 pro
680 891 766 940 illa,
798 892 987 945 quinque
1019 892 1072 932 ad
1103 892 1237 940 Pent.‚
1263 895 1304 932 et
1335 891 1525 945 quinque
1552 889 1605 930 ad
1631 890 1658 930 f.
1687 889 1725 930 S.

209 954 400 1004 Martini,
423 961 465 996 et
486 970 631 998 omnes
653 971 823 998 carucas
849 958 974 1011 praed.
998 958 1112 998 villae
1133 971 1219 998 una
1239 957 1331 998 vice
1363 957 1415 997 ad
1445 956 1662 1005 arandum,
1685 958 1727 995 et

210 1020 261 1060 de
283 1034 538 1075 unaquaque
567 1022 690 1063 domo
713 1037 849 1063 unum
871 1023 1088 1064 hominem
1110 1024 1162 1064 ad
1184 1023 1432 1064 metendum
1452 1022 1498 1062 in
1518 1022 1725 1075 Augusto.

212 1085 412 1126 Concessi
448 1087 576 1127 etiam
613 1088 671 1128 eis
709 1089 762 1129 ad
799 1088 945 1129 domos
980 1089 1169 1143 proprias
1206 1094 1248 1129 et
1288 1089 1512 1129 hominum
1553 1101 1725 1128 suorum

212 1151 491 1202 aedificandas,
508 1153 560 1194 de
579 1153 705 1194 viridi
727 1154 772 1194 in
788 1155 913 1195 bosco
936 1159 1091 1204 nostro,
1108 1160 1150 1196 et
1167 1156 1218 1196 de
1240 1155 1349 1195 sicco
1371 1155 1424 1195 ad
1447 1152 1589 1208 (103b)
1613 1167 1725 1194 com—

209 1218 459 1268 burendum,
481 1219 577 1260 visu
599 1220 914 1261 forestariorum
939 1227 1179 1263 nostrorum
1201 1222 1291 1262 sine
1312 1221 1559 1262 venditione
1576 1224 1618 1262 et
1634 1220 1725 1262 sine

211 1283 362 1324 exilioss
384 1289 426 1325 et
446 1290 577 1327 vasto.
640 1286 841 1327 Concessi
872 1288 1001 1328 etiam
1032 1288 1092 1329 eis
1123 1288 1353 1342 panagium
1384 1288 1436 1329 de
1463 1288 1601 1341 porcis
1631 1300 1728 1340 pro—

211 1350 314 1404 priis
352 1354 393 1391 et
429 1351 653 1392 hominum
689 1366 874 1402 suorum,
911 1354 1023 1394 sicut
1058 1368 1249 1408 unquam
1284 1354 1437 1395 melius
1474 1357 1516 1394 et
1551 1353 1727 1394 liberius

211 1416 461 1458 habuerunt.
539 1418 639 1459 Hiis
681 1419 875 1461 testibus.
952 1420 1136 1475 Hugone
1177 1421 1424 1462 Presbitero.
1500 1419 1727 1473 Radfflpho

213 1482 398 1523 Clerico:
431 1488 474 1524 et
496 1484 599 1525 aliis.

761 1621 930 1662 DXIX.
964 1622 1183 1663 LOKETON.

272 1718 394 1771 (105)
437 1719 647 1760 Omnibus
690 1720 850 1762 Christi
890 1722 999 1763 fidel.
1037 1722 1090 1762 ad
1127 1735 1232 1776 quos
1268 1735 1327 1775 pr.
1364 1735 1440 1763 scr.
1476 1721 1728 1775 pervenerit,

213 1784 494 1838 R[obertus],4
510 1785 594 1826 Dei
615 1800 671 1840 gr.
694 1787 839 1827 Abbas
862 1787 913 1828 de
934 1787 1150 1842 Whitehy,
1174 1792 1216 1829 et
1232 1788 1362 1842 ejusd.
1384 1787 1467 1828 loci
1490 1788 1631 1836 ConV.,
1654 1786 1727 1827 sal.

213 1850 260 1890 in
291 1850 488 1892 Domino.
549 1852 730 1892 Noverit
760 1854 877 1895 univ.
910 1868 948 1894 V.
981 1868 1057 1894 nos
1089 1854 1192 1903 ded„
1214 1868 1340 1904 conc„
1362 1859 1403 1895 et
1431 1868 1491 1907 pr.
1520 1867 1551 1894 c.
1584 1857 1728 1893 nostra

213 1915 320 1956 conf.
344 1915 561 1957 Willelmo
584 1917 786 1958 Malkak5
807 1933 943 1959 unum
970 1920 1128 1959 tostum
1148 1919 1194 1959 in
1217 1934 1253 1960 v.
1276 1920 1328 1961 de
1349 1920 1577 1968 Loketona,
1599 1932 1727 1972 quam

212 1979 440 2021 habuimus
477 1981 528 2022 de
565 1982 675 2023 dono
710 1983 920 2024 WiHelmi
961 1984 1330 2026 Boiess—Tenend.
1372 1990 1415 2026 et
1453 1984 1548 2025 hab.
1590 1984 1727 2025 eidem

213 2046 434 2087 Willehno
457 2051 499 2087 et
520 2047 616 2089 haer.
640 2049 737 2090 suis.
760 2049 800 2099 l.,
822 2064 872 2103 q„
893 2051 999 2091 bene
1021 2055 1063 2091 et
1083 2051 1127 2091 in
1148 2065 1186 2105 p.
1210 2054 1252 2092 et
1282 2051 1455 2105 integre,
1486 2064 1584 2091 cum
1615 2064 1725 2092 omn.

213 2115 319 2165 pert.
360 2112 448 2153 suis
467 2113 765 2155 t—Reddendo
805 2115 904 2156 inde
945 2116 1067 2157 nobis
1109 2121 1151 2157 et
1191 2130 1298 2159 succ.
1340 2116 1495 2157 nostris
1545 2120 1728 2170 quatuor

263 2226 275 2247 ’ν
301 2227 377 2260 Ric.
396 2228 441 2260 de
459 2228 692 2270 Waterville3
722 2231 931 2267 1175-1211.
1359 2231 1372 2252 2
1402 2233 1582 2274 Torphino.

262 2281 275 2303 3
300 2283 644 2326 Misappropriation,
665 2297 704 2318 or
720 2286 781 2318 the
799 2288 1012 2329 application
1032 2288 1068 2320 of
1092 2288 1153 2320 the
1170 2289 1330 2321 material
1354 2289 1457 2332 given
1475 2292 1511 2321 to
1530 2288 1632 2320 other
1647 2299 1727 2330 pur-

214 2349 315 2380 poses
332 2338 497 2371 different
514 2340 604 2372 from
621 2341 724 2373 those
741 2342 794 2374 for
812 2343 928 2375 which
944 2344 974 2375 it
991 2355 1062 2376 was
1080 2344 1191 2387 given.

262 2391 275 2413 4
301 2394 374 2426 The
392 2405 492 2427 name
510 2395 545 2427 of
560 2396 622 2428 the
639 2397 766 2429 second
783 2398 925 2431 witness
942 2399 1093 2440 justifies
1110 2400 1171 2431 the
1188 2399 1300 2442 filling
1316 2400 1352 2431 in
1370 2400 1406 2432 of
1421 2399 1493 2432 this
1509 2411 1619 2433 name.
1670 2400 1726 2432 He

215 2449 245 2480 is
259 2449 403 2481 witness
416 2453 453 2482 to
467 2450 532 2483 No.
550 2452 627 2491 320,
643 2463 664 2484 a
675 2452 761 2484 deed
780 2453 885 2486 dated
903 2454 938 2486 in
956 2456 1054 2494 1286,
1071 2455 1108 2487 in
1121 2455 1236 2487 which
1254 2455 1428 2495 Nicholas,
1444 2466 1503 2487 son
1523 2455 1559 2487 of
1575 2455 1726 2487 Thomas

215 2504 260 2535 de
289 2504 468 2548 Hastings,
505 2507 703 2548 quitclaims
736 2511 774 2540 'co
802 2509 924 2542 Abbot
951 2510 1084 2542 Robert
1115 2510 1170 2550 (de
1202 2511 1394 2554 Langtoft)‚
1435 2512 1521 2542 inter
1549 2511 1630 2550 alia,
1665 2510 1727 2542 the

216 2559 402 2591 advowson
429 2561 465 2592 of
491 2562 641 2604 Crossby
666 2563 923 2596 Ravensworth
948 2564 1096 2597 Church.
1148 2566 1204 2597 He
1229 2565 1258 2597 is
1287 2566 1359 2598 also
1387 2565 1540 2605 witness,
1565 2565 1728 2608 together

217 2613 306 2645 with
324 2614 415 2646 Alan
433 2615 476 2647 de
494 2616 652 2658 Everley‚
673 2617 753 2649 who
770 2618 915 2661 belongs
932 2622 970 2652 to
987 2620 1048 2652 the
1066 2632 1159 2653 same
1176 2621 1305 2663 period,
1327 2623 1364 2653 to
1382 2621 1446 2653 No.
1466 2622 1545 2660 494,
1565 2620 1634 2651 and
1651 2623 1688 2652 to
1706 2631 1725 2652 a

217 2668 355 2700 charter
379 2669 427 2710 by
453 2670 586 2703 Robert
611 2672 654 2704 de
678 2672 710 2703 N
715 2673 812 2713 evile,
842 2675 1007 2718 granting
1031 2686 1052 2707 a
1076 2675 1150 2708 half
1175 2679 1335 2708 carucate
1360 2675 1396 2707 of
1418 2675 1503 2707 land
1527 2677 1564 2707 to
1589 2675 1724 2707 Robert

214 2722 338 2754 Buscel
354 2723 397 2755 de
415 2724 570 2766 Bolleby,
590 2726 705 2758 which
723 2728 822 2760 dates
839 2729 947 2761 about
968 2731 1067 2765 1279.

263 2776 276 2797 5
302 2779 336 2809 A
360 2778 517 2811 William
543 2781 731 2813 Malekake
756 2783 785 2815 is
810 2784 953 2816 witness
977 2787 1015 2817 to
1040 2786 1105 2818 No.
1137 2787 1210 2825 168,
1241 2796 1261 2817 a
1290 2785 1427 2817 chartei·
1454 2785 1602 2827 granted
1630 2784 1679 2827 by
1704 2796 1725 2817 a

215 2834 456 2875 cotemporary
473 2834 509 2866 of
525 2835 646 2868 Abbot
663 2836 816 2880 Roger’s.
866 2839 939 2871 The
957 2843 1096 2882 present
1112 2844 1254 2883 grantee
1272 2851 1353 2882 may
1369 2840 1412 2871 be
1429 2851 1449 2871 a
1466 2851 1529 2871 son
1546 2840 1582 2871 of
1597 2840 1662 2874 his.

261 2886 275 2907 ⁰
301 2887 363 2920 See
389 2889 452 2921 No.
474 2891 528 2929 96,
550 2890 666 2923 which
692 2903 843 2935 conveys
868 2894 941 2926 this
966 2895 1041 2927 said
1066 2897 1146 2935 toft,
1166 2896 1282 2927 which
1302 2895 1332 2927 it
1348 2895 1420 2927 will
1436 2895 1479 2927 be
1501 2895 1671 2928 observed
1696 2897 1725 2929 is

215 2945 278 2974 not
295 2943 422 2975 within
438 2944 499 2976 the
515 2944 647 2987 liberty
664 2947 700 2978 of
717 2947 879 2990 Whitby,
899 2949 964 2982 but
984 2950 1108 2982 within
1127 2951 1189 2983 the
1214 2951 1312 2992 royal
1338 2951 1437 2983 lands
1462 2951 1531 2983 and
1555 2951 1664 2984 forest
1690 2953 1726 2984 of

214 2998 409 3041 Pickering.
