1889 3221
304 347 666 382 CARTULARIUM
691 348 959 381 ABBATHIAE
986 348 1050 382 DE
1074 348 1319 383 WHITEBY.
1488 340 1568 379 627

55 456 140 498 sibi
152 457 435 499 datam—viz.
454 457 570 512 quod
590 458 647 499 sit
663 457 778 513 apud
798 471 873 499 vos
895 458 1074 499 ultimus
1096 458 1142 499 in
1164 458 1313 509 Choro,
1330 461 1571 513 postremus

54 523 99 564 in
123 523 331 573 Claustro,
361 523 635 574 Dormitorio,
666 527 709 565 et
736 523 783 564 in
813 523 1065 574 Refectorio,
1096 524 1226 565 etiam
1257 537 1304 565 ac
1336 524 1498 578 quartis
1529 527 1572 564 et

55 589 198 631 sextis.
260 589 364 631 Fere
385 589 546 645 [pane],
567 589 772 632 cerevisia
793 593 836 631 et
856 590 1084 644 legumine,
1101 591 1261 644 absque
1282 589 1378 632 aliis
1399 589 1572 631 ferculis

56 660 99 697 et
148 655 326 706 deliciis,
376 655 434 697 sit
483 660 721 698 contentus.
804 656 1076 698 Conventum
1121 659 1325 710 sequatur
1370 656 1571 698 continue

56 721 239 776 regulari
282 721 537 772 obedientia,
587 736 717 777 quam
766 722 974 764 hactenus
1025 721 1245 764 abhorruit
1295 725 1338 764 et
1386 722 1571 776 infregit,

56 787 236 842 singulis
286 787 425 829 modis
476 791 519 830 et
568 788 845 843 temporibUS,
894 788 1024 830 velud
1075 788 1262 839 strictus,
1322 789 1572 830 claustrales

51 854 213 908 jugiter
233 854 487 896 adhaerendo
509 854 643 896 donec
663 855 782 896 aliud
803 855 1052 896 ordinamus
1074 855 1125 896 de
1148 855 1305 897 eodem.
1367 855 1476 896 Inde
1507 858 1573 895 est

57 920 168 974 quod
193 920 409 962 devotioni
429 925 592 971 vestrae,
612 921 659 961 in
679 921 840 962 virtute
861 924 1019 962 sanctae
1036 921 1288 963 obedientiae
1308 921 1573 976 injungimus

56 990 99 1029 et
119 987 371 1028 mandamus
393 987 597 1042 quatinus
618 987 801 1029 eundem
822 987 1089 1029 Willelmum
1118 987 1165 1028 in
1185 991 1375 1029 vestrum
1407 990 1574 1042 accept-

57 1052 169 1093 abile
199 1053 472 1103 consortium,
501 1053 605 1095 visis
635 1053 931 1107 praesentibus,
961 1053 1223 1095 admittatis:
1258 1054 1428 1108 proviso
1459 1054 1574 1107 quod

57 1118 149 1172 ipse
182 1121 247 1160 est
280 1119 437 1161 missus
471 1133 495 1160 a
531 1119 814 1161 celebratione
850 1119 1094 1161 divinorum
1129 1120 1301 1174 penitus
1342 1120 1574 1170 abstinens,

58 1184 215 1226 divinae
235 1185 590 1240 contemplationi
610 1185 783 1227 insistat
805 1186 997 1236 sollicite,
1019 1189 1062 1228 et
1082 1186 1243 1228 dictam
1272 1187 1574 1240 poenitentiam

56 1250 170 1292 inter
189 1264 277 1301 vos,
297 1251 373 1292 ubi
403 1252 551 1302 fervet,
581 1256 632 1293 ut
657 1266 888 1307 speramus,
908 1252 1070 1306 religio,
1089 1257 1264 1308 peragat
1294 1253 1376 1294 sibi
1406 1253 1575 1307 injunc-

57 1320 159 1367 tam,
180 1331 258 1359 nec
280 1321 401 1359 extra
421 1318 527 1359 fines
547 1318 678 1373 hujus
699 1319 967 1373 poenitentiae
997 1319 1182 1370 inflictae,
1202 1319 1272 1361 vel
1303 1323 1423 1374 septa
1442 1319 1575 1360 vestri

59 1383 313 1425 Monasterii
348 1384 396 1425 in
431 1385 687 1439 equitatura,
717 1385 789 1427 vel
818 1386 936 1436 alias,
972 1400 1099 1427 causa
1140 1387 1396 1440 cujusquam
1432 1385 1575 1427 solatii

58 1449 177 1491 intus
196 1450 267 1491 vel
290 1452 410 1492 extra
430 1451 703 1505 aliquatenus
725 1455 937 1507 evagetur,
960 1452 1071 1494 sicut
1092 1466 1232 1493 coram
1262 1453 1355 1494 Deo
1377 1455 1420 1494 et
1450 1452 1573 1493 nobis

58 1515 191 1556 vultis
212 1515 323 1557 circa
350 1516 430 1558 hoc
460 1530 652 1558 securam
674 1520 717 1558 et
739 1531 886 1558 sanam
907 1518 1081 1559 reddere
1111 1518 1328 1559 rationem.
1390 1518 1447 1558 Et
1468 1531 1575 1568 ecce,

60 1580 181 1621 Prior
209 1594 311 1623 suus
348 1582 399 1623 de
434 1581 814 1632 Munkebrettona,
855 1582 959 1623 dum
998 1597 1162 1624 moram
1200 1583 1314 1625 inter
1348 1597 1424 1624 vos
1459 1583 1575 1625 idem

59 1646 309 1688 Willelmus
332 1647 492 1698 fecerit,
512 1661 589 1702 pro
620 1648 708 1689 suis
740 1648 956 1690 alimentis
987 1648 1054 1691 ls.
1087 1663 1252 1691 annuos
1274 1650 1395 1691 vobis
1427 1650 1574 1691 solvet.

60 1713 225 1753 Datum
261 1713 377 1767 apud
412 1713 836 1764 Munkebrettonam,
867 1715 1014 1756 Nonas
1054 1715 1252 1770 Augusti,
1294 1716 1576 1758 Pontificatus

61 1778 199 1820 nostri
219 1778 280 1821 AO
301 1782 464 1830 octavo,
480 1784 599 1822 MOcc⁰
619 1780 893 1835 nonagesimo
914 1781 1056 1823 tercio.

484 1972 662 2015 DXCV.
723 1973 973 2027 (Romanus,
995 1975 1020 2016 f.
1047 1974 1151 2028 34¹³.)

60 2071 232 2112 ABBATI
262 2081 319 2112 DE
349 2071 546 2113 WYTEBY
577 2082 658 2113 Pno
684 2072 913 2115 MONAcHo
939 2084 1013 2115 cm
1037 2085 1349 2118 EXHIBEANTUR
1370 2087 1576 2119 EXPENsAE

243 2148 303 2179 AD
335 2138 567 2179 ROMANAM
596 2149 766 2180 CURIAM
787 2149 1024 2186 QUAERENDI
1045 2151 1389 2183 ABSOLUTIONEM.

111 2236 237 2278 Senio
251 2239 294 2278 et
309 2236 598 2278 imbecillitati
619 2237 763 2278 fratris
784 2237 853 2288 H„
870 2240 1163 2280 commonachi
1179 2241 1310 2282 vestri
1324 2246 1368 2282 et
1381 2242 1577 2284 Sacristae

61 2303 228 2343 Domus
259 2306 423 2352 vestrae,
456 2303 579 2356 cujus
613 2302 836 2353 absolutio,
872 2304 918 2345 in
951 2318 1051 2345 casu
1079 2319 1155 2358 pro
1180 2319 1265 2359 quo
1297 2320 1394 2348 cum
1422 2309 1576 2350 vestris

60 2367 216 2409 litteris
247 2367 302 2408 ad
331 2370 517 2408 nostram
551 2368 728 2409 accessit
758 2370 1041 2421 praesentiam,
1072 2371 1124 2411 ad
1156 2385 1231 2413 nos
1264 2385 1350 2412 non
1379 2374 1576 2427 pertinet,

62 2434 133 2488 pio
165 2433 472 2487 compatientes
500 2433 669 2484 affectu,
706 2434 844 2476 eidem
875 2436 1167 2478 consuluimus
1199 2438 1426 2481 salubriter
1461 2442 1576 2495 quod

63 2499 384 2540 Sacrosanctam
424 2498 662 2540 Romanam
704 2500 878 2542 Curiam
917 2515 994 2555 pro
1041 2503 1308 2545 absolutione
1347 2507 1575 2559 quaerenda

68 2568 244 2619 expetat
263 2567 313 2604 ut
333 2567 510 2619 oportet,
533 2565 791 2607 Ordinantes
823 2570 866 2608 et
887 2567 1017 2609 etiam
1049 2568 1323 2611 decernentes
1354 2572 1468 2624 quod
1497 2586 1574 2626 per

61 2644 137 2672 vos
158 2630 401 2684 equitatura
432 2634 476 2672 et
506 2644 528 2672 c
559 2644 588 2672 s.
621 2631 920 2686 sterlingorum
949 2647 1025 2688 pro
1057 2635 1257 2689 expensis
1278 2637 1576 2680 ministrentur

62 2696 211 2738 eidem.
271 2696 506 2737 Devotioni
525 2696 670 2751 itaque
691 2702 845 2739 vestrae
865 2699 1117 2742 mandamus
1139 2701 1253 2754 quod
1281 2703 1413 2743 statui
1438 2703 1574 2758 ipsius

63 2762 370 2816 prospicientes
402 2763 594 2805 celeriter
624 2777 734 2814 eum,
754 2766 805 2805 ut
833 2765 1127 2818 praemisimus,
1148 2767 1387 2810 exhibendo
1409 2770 1576 2813 ordina-

62 2827 223 2870 tionem
264 2831 465 2879 nostram‚
496 2829 743 2884 supplentes
783 2832 1024 2885 promptius
1065 2833 1176 2874 circa
1215 2833 1359 2888 ipsum
1397 2849 1452 2878 ne
1482 2837 1574 2879 ovis

64 2906 207 2935 errans
242 2908 317 2948 pro
354 2894 524 2936 defectu
558 2895 740 2949 pastoris
771 2900 916 2949 pereat
950 2897 1202 2940 inconsulte.
1263 2900 1427 2942 Datum
1457 2903 1571 2957 apud

64 2959 299 3001 Totenham
319 2961 366 3002 iii
387 2962 535 3003 Nonas
557 2962 824 3014 Novembris,
846 2963 1125 3007 Pontificatus
1146 2966 1283 3008 nostri
1303 2967 1363 3009 ΑΟ
1384 2972 1542 3011 octavo.
