1889 3221
382 382 744 415 CARTULARIUM
770 382 1040 415 ABBATHIAE
1066 382 1130 415 DE
1156 381 1406 415 WHITEBY.
1567 372 1646 409 633

131 491 241 532 illud
281 491 565 546 infringentes
595 506 671 546 per
699 493 977 546 praesidentes
1012 493 1059 533 in
1095 491 1297 546 Capitulo
1338 490 1480 532 debite
1522 489 1648 529 corri-

131 561 298 612 gantur.
357 559 472 600 Item
507 559 609 613 quia
649 558 825 600 domum
859 562 1047 600 vestram
1082 572 1162 600 aere
1199 558 1338 599 alieno
1369 556 1554 611 graviter
1583 554 1648 594 in-

133 623 331 665 venimus
382 628 613 674 oneratam,
660 625 919 674 ordinamus,
964 624 1164 665 volumus
1215 628 1259 665 et
1309 622 1539 664 statuimus
1590 633 1649 667 ac,

132 689 397 743 praecedente
428 703 566 731 causae
597 691 841 745 cognitione
862 704 958 744 quae
988 690 1034 731 in
1064 690 1144 731 hoc
1176 689 1378 731 canonice
1408 686 1650 741 requiritur,

131 755 410 807 decernimus,
432 756 548 810 quod
583 770 670 807 vos,
700 757 847 798 Abbas
879 761 922 798 et
955 757 1218 806 Conventus,
1241 756 1292 797 de
1323 758 1474 796 caetero
1505 752 1650 792 vivere

131 822 353 872 studeatis,
375 826 417 863 et
437 823 609 873 vivatis,
630 826 720 864 tam
741 823 788 863 in
809 823 1039 864 esculentis
1070 828 1113 864 et
1142 822 1383 877 poculentis
1404 819 1571 867 vestris,
1602 830 1649 857 ac

131 889 526 942 supervenientium
547 903 646 930 oum
666 889 884 930 moderata
915 889 1091 939 familia,
1114 902 1244 942 quam
1265 888 1311 928 in
1332 887 1429 929 aliis
1451 883 1650 939 expensis

131 955 364 1005 forinsecis,
387 969 482 996 cum
505 969 575 997 eas
596 955 687 996 fieri
712 960 916 1009 oporteat,
937 955 1193 996 mediocrius
1215 968 1344 1008 quam
1375 954 1513 994 facere
1533 950 1650 991 vole-

134 1021 269 1073 batis;
300 1022 499 1078 quodque
520 1022 718 1071 decimas,
740 1021 904 1062 fructus
935 1026 978 1062 et
1009 1024 1244 1075 proventus
1276 1019 1466 1061 ecclesiae
1495 1019 1649 1058 vestrae

131 1086 184 1128 de
215 1087 345 1137 Aton,
365 1101 442 1141 pro
474 1087 687 1129 solutione
706 1087 800 1128 aeris
833 1087 963 1128 alieni
984 1087 1036 1128 de
1057 1090 1200 1127 vestro
1222 1099 1433 1127 consensu
1452 1081 1650 1124 unanimi

133 1167 274 1194 coram
296 1154 419 1195 nobis
451 1153 701 1207 assignatos,
722 1153 989 1207 integraliter
1011 1153 1223 1207 colligatis
1244 1157 1287 1194 et
1309 1150 1498 1199 servetis,
1518 1153 1568 1189 ut
1590 1148 1649 1189 sic

133 1219 448 1273 particulariter
460 1223 602 1260 vestra
618 1219 780 1260 Domus
795 1233 905 1260 anno
920 1219 1113 1273 quolibet
1127 1219 1178 1259 de
1192 1219 1336 1272 aliquo
1350 1217 1495 1258 debito
1508 1214 1650 1255 valeat

135 1285 326 1327 relevari.
387 1286 500 1326 Item
521 1285 668 1326 nullus
689 1285 924 1325 monachus
947 1289 1108 1326 secreta
1130 1284 1320 1339 Capituli
1341 1280 1553 1324 extraneis
1575 1282 1649 1320 aut

135 1351 407 1392 saecularibus
423 1351 616 1405 personis
630 1351 956 1405 quibuscunque
973 1353 1205 1404 praesumat
1218 1350 1271 1391 de
1287 1353 1438 1391 caetero
1451 1345 1649 1393 revelare,

135 1417 238 1470 quia
277 1431 423 1459 omnes
463 1417 718 1459 revelatores
750 1422 1009 1459 secretorum
1041 1417 1230 1471 Capituli
1273 1415 1446 1468 majoris
1482 1425 1649 1453 excom-

136 1483 441 1524 municationis
463 1484 677 1524 sententia
698 1488 801 1525 sunt
820 1484 954 1537 ligati.
1017 1483 1130 1524 Item
1160 1482 1380 1523 saeculares
1403 1477 1595 1521 extranei
1625 1490 1650 1517 a

137 1549 333 1590 discursu
352 1550 567 1603 frequenti
588 1553 630 1590 et
650 1549 893 1591 inordinato
923 1549 969 1589 in
1001 1549 1197 1599 claustro,
1217 1547 1461 1596 infirmario,
1489 1549 1532 1587 et
1553 1543 1648 1584 aliis

138 1614 241 1655 locis
272 1615 581 1663 secretioribus,
602 1619 815 1668 quantum
836 1614 1056 1656 commode
1078 1618 1121 1655 et
1150 1614 1328 1655 honeste
1358 1612 1450 1653 fieri
1480 1609 1650 1665 poterit,

139 1685 370 1722 arceantur.
432 1681 546 1722 Item
580 1681 626 1721 in
666 1681 890 1722 refectorio
926 1695 1013 1722 non
1047 1681 1133 1721 nisi
1167 1684 1347 1721 maturae
1382 1683 1425 1720 et
1458 1678 1648 1718 honestae

137 1760 327 1799 personae
377 1750 589 1788 extraneae
648 1747 865 1788 comedere
924 1747 1240 1801 permittantur.
1316 1747 1431 1786 Item
1489 1741 1650 1784 infirmi

138 1812 336 1853 monachi
357 1812 590 1854 secundum
613 1813 841 1867 qualitates
873 1814 1174 1868 aegritudinum
1197 1817 1239 1854 et
1260 1812 1525 1854 conditiones
1554 1822 1649 1863 per-

139 1892 339 1919 sonarum
370 1878 512 1920 debite
542 1884 836 1932 procurentur,
872 1883 1000 1933 prout
1035 1879 1170 1933 ipsius
1205 1880 1372 1920 Domus
1414 1879 1650 1931 suppetunt

140 1944 374 1986 facultates.
437 1944 550 1985 Item
591 1958 738 1986 omnes
779 1949 823 1986 et
859 1945 1018 1999 singuli
1053 1945 1251 1986 monachi
1291 1945 1336 1985 in
1371 1944 1524 1985 habitu
1564 1941 1651 1982 sint

139 2010 312 2050 omnino
329 2010 456 2063 juxta
477 2010 701 2064 antiquam
722 2010 940 2065 religionis
972 2011 1286 2052 observantiam
1307 2010 1553 2056 uniformes,
1574 2020 1651 2047 nec

137 2076 184 2116 in
214 2075 365 2116 habitu
394 2076 587 2117 interiori
607 2076 677 2117 vel
707 2077 907 2117 exteriori
936 2091 1012 2131 per
1032 2090 1329 2131 quemcunque
1359 2076 1465 2116 fiant
1496 2074 1650 2126 aliquae

139 2142 363 2191 novitates,
385 2145 427 2183 et
447 2142 500 2183 de
522 2147 671 2183 caetero
692 2156 780 2183 non
799 2143 1008 2197 recipiant
1028 2143 1255 2196 pecuniam
1276 2157 1352 2196 pro
1373 2139 1651 2187 indumentis,

140 2207 214 2248 sed
235 2208 469 2248 necessaria
489 2208 745 2249 indumenta
775 2208 827 2249 de
858 2222 944 2249 uno
975 2208 1183 2262 recipiant
1203 2208 1419 2257 vestiario,
1438 2204 1650 2247 restitutis

140 2273 353 2314 veteribus
403 2287 501 2314 cum
550 2287 662 2314 nova
711 2274 959 2327 receperint,
1009 2274 1267 2327 pauperibus
1318 2272 1551 2326 erogandis,
1596 2283 1650 2310 ne

141 2338 358 2378 occasione
388 2339 642 2392 receptionis
682 2339 875 2392 pecuniae
914 2342 1150 2379 numeratae
1188 2339 1344 2379 vitium
1379 2335 1650 2391 proprietatis

143 2406 351 2452 causetur,
396 2406 471 2443 aut
520 2403 766 2456 aliqualiter
811 2408 1046 2444 excusetur.
1133 2404 1245 2444 Item
1296 2403 1526 2444 elemosina
1574 2416 1651 2456 per

143 2469 502 2510 Elemosinarium
523 2472 566 2510 et
586 2469 818 2510 servientes
840 2482 938 2510 suos
960 2470 1143 2511 fideliter
1163 2470 1398 2524 colligatur,
1419 2472 1462 2511 et
1491 2469 1650 2510 divinae

141 2534 314 2588 pietatis
344 2534 510 2575 intuitu
540 2534 752 2575 duntaxat
781 2536 1037 2589 pauperibus
1069 2539 1293 2590 errogetur,
1324 2548 1402 2576 nec
1438 2535 1650 2589 operariis,

141 2600 212 2641 vel
231 2600 409 2649 nuntiis,
431 2604 504 2641 aut
526 2600 622 2641 aliis
644 2601 973 2655 quibuscunque
1004 2601 1139 2651 detur,
1169 2601 1254 2642 nisi
1284 2605 1454 2642 tantum
1484 2601 1649 2641 intuitu

139 2666 323 2721 pietatis.
386 2666 496 2707 Item
537 2667 696 2716 Abbas,
736 2667 868 2716 Prior,
911 2667 1125 2721 Supprior‚
1166 2672 1209 2709 et
1247 2668 1399 2708 tertius
1445 2667 1564 2707 Prior
1602 2667 1649 2707 in

139 2732 469 2773 correctionibus
490 2746 743 2774 excessuum
773 2733 961 2774 medium
982 2733 1248 2774 discretionis
1279 2746 1446 2787 semper
1474 2736 1651 2775 teneant

142 2799 253 2839 inter
292 2798 597 2853 negligentiam
637 2802 679 2840 et
718 2798 937 2848 fervorem,
977 2813 1056 2841 nec
1106 2799 1193 2840 sint
1233 2802 1472 2853 acceptores
1512 2800 1650 2840 invidi

141 2877 425 2917 personarum.
487 2865 600 2905 Item
615 2865 772 2914 Abbas,
790 2864 921 2915 Prior,
939 2865 1142 2918 Supprior
1162 2865 1390 2906 monachos
1404 2865 1650 2907 claustrales

143 2929 197 2969 ad
247 2930 491 2971 exeundum
540 2943 616 2983 per
666 2930 849 2984 patriam
898 2944 984 2971 non
1026 2930 1077 2971 de
1127 2930 1246 2971 facili
1289 2931 1523 2981 licentient,
1566 2932 1648 2972 nisi

142 2998 364 3047 urgentem
391 2995 701 3044 necessitatem,
721 2995 791 3036 vel
821 2995 1065 3037 evidentem
1095 2996 1329 3038 utilitatem
1350 2997 1539 3039 viderint
1569 2998 1648 3038 im-

143 3059 312 3099 minere.
381 3060 492 3100 Item
542 3061 697 3110 Abbas,
748 3061 879 3109 Prior,
925 3061 994 3102 vel
1037 3061 1241 3116 Supprior
1290 3077 1376 3104 non
1426 3063 1650 3104 licentient
