1889 3221
327 364 690 399 OARTULARIUM
715 364 988 397 ABBATHIAE
1013 364 1077 397 DE
1099 365 1348 398 WHITEBY.
1509 358 1590 397 673

74 476 286 517 catoribus
308 476 414 517 allec
437 489 583 517 recens
605 474 651 515 in
671 487 815 529 grosso
836 488 924 528 prae
946 474 1110 515 caeteris
1136 478 1342 525 emerunt,
1365 478 1408 516 et
1429 478 1596 529 partem

72 542 173 583 inde
194 542 318 583 salire
340 546 382 583 et
397 540 677 590 imbarellare,
694 543 738 582 et
758 544 925 594 partem
946 540 1048 581 inde
1070 541 1283 582 exsiccare
1301 544 1343 582 et
1363 541 1409 581 in
1432 542 1596 596 copulis

73 607 258 663 ponere,1
288 622 337 649 ac
368 608 476 649 allec
512 607 622 648 illud
653 607 706 647 ad
743 606 877 647 dictas
909 610 1050 660 partes
1083 612 1250 648 exteras
1280 621 1357 661 pro
1389 607 1596 662 singulari

73 674 295 715 commodo
326 688 403 715 suo
435 673 535 714 inde
566 673 763 714 faciendo
794 673 1089 723 traduxerunt,
1112 677 1154 714 et
1182 673 1321 715 adhuc
1352 674 1596 724 traducunt,

73 741 120 781 in
140 739 305 782 nostri2
324 754 452 795 grave
484 740 721 794 dampnum
754 745 796 780 et
817 739 1127 793 praejudicium,
1150 744 1192 781 et
1213 740 1450 781 incolarum
1480 740 1595 781 villae

73 807 297 860 praedictae,
319 807 395 861 qui
424 820 501 861 per
532 806 786 847 exercitium
817 805 963 847 allecis
985 807 1171 847 maxime
1192 806 1349 848 vivunt
1370 811 1413 848 et
1434 811 1595 848 statum

73 886 200 914 suum
230 874 486 915 mediocrem
516 872 725 914 hactenus
767 876 1087 927 supportarunt,
1118 873 1397 914 verisimilem
1428 874 1597 914 distric—

73 939 236 980 tionem
268 939 535 994 aliorumque
565 939 775 993 ligeorum
805 939 925 993 regni
955 939 1102 988 nostri,
1134 939 1298 980 ratione
1328 939 1596 981 vehementis

73 1005 255 1047 caristiae
286 1006 431 1047 allecis
464 1005 683 1046 occasione
713 1005 918 1059 praedicta
950 1005 1251 1059 contingentis,
1273 1019 1321 1046 ac
1350 1006 1595 1059 reipublicae

73 1072 347 1126 dispendium
392 1072 672 1113 manifestum
690 1071 864 1121 :—-Nos‚
905 1071 1097 1112 volentes
1142 1071 1394 1125 hujusmodi
1440 1073 1594 1126 praeju-

74 1137 210 1188 diciis,
242 1138 439 1191 dampnis
476 1141 519 1179 et
555 1137 794 1191 dispendiis
829 1137 1017 1178 remedio
1054 1151 1137 1191 quo
1175 1138 1377 1178 convenit
1412 1138 1596 1188 obviare,

73 1205 194 1245 vobis
229 1204 484 1245 mandamus
526 1204 641 1258 quod
681 1203 929 1258 hujusmodi
970 1207 1195 1245 extraneos
1238 1208 1280 1245 et
1321 1204 1594 1258 alienigenas,

73 1271 187 1312 intra
203 1271 352 1312 villam
374 1270 502 1324 praed.
526 1284 689 1311 moram
721 1270 971 1311 continuam
1003 1284 1089 1310 non
1122 1270 1341 1319 facientes,
1363 1270 1471 1311 allec
1491 1284 1596 1324 prae-

74 1337 239 1379 dictum
255 1338 308 1379 ab
330 1337 430 1378 inde
448 1350 594 1378 versus
612 1336 779 1390 aliquas
796 1340 938 1390 partes
956 1340 1121 1378 exteras
1139 1337 1191 1378 de
1208 1340 1359 1378 caetero
1375 1337 1595 1377 traducere

73 1404 249 1445 minime
283 1403 555 1458 permittatis,
589 1417 812 1456 quousque
854 1403 905 1443 de
939 1403 1205 1443 avisamento
1242 1402 1415 1443 concilii
1456 1402 1593 1442 nostri

73 1470 199 1511 aliter
234 1470 482 1511 duxerimus
521 1469 877 1510 demandandum.
940 1469 998 1509 Et
1029 1469 1131 1522 quia
1161 1468 1381 1522 praemissa
1406 1468 1459 1508 ad
1480 1468 1591 1508 noti-

74 1537 181 1577 tiam
222 1536 415 1576 omnium
456 1539 498 1576 et
534 1535 800 1589 singulorum
842 1539 1141 1575 extraneorum
1177 1538 1220 1575 et
1256 1534 1592 1588 alienigenarum

74 1602 376 1656 praedictorum
396 1603 442 1642 in
463 1601 567 1642 villa
587 1601 791 1655 praedicta
807 1601 899 1654 jam
926 1601 1217 1650 existentium,
1240 1614 1314 1642 seu
1338 1600 1391 1640 ad
1413 1600 1592 1640 eandem

75 1682 128 1709 ex
163 1681 291 1709 causa
320 1667 538 1721 praemissa
569 1667 621 1707 de
658 1671 808 1707 caetero
845 1666 1165 1716 confluentium,
1203 1665 1357 1706 deduci
1393 1665 1593 1706 volumus

75 1735 340 1783 festinanter,
380 1734 502 1774 vobis
549 1733 725 1786 insuper
771 1732 1038 1786 injungimus
1084 1737 1127 1773 et
1167 1732 1421 1773 mandamus
1467 1731 1594 1785 quod,

76 1801 191 1842 omni
224 1800 431 1841 dilatione
462 1800 701 1853 postposita
730 1802 985 1853 praesentem
1015 1798 1302 1839 intentionem
1333 1802 1522 1839 nostram
1547 1797 1593 1837 in

75 1867 257 1921 singulis
297 1866 401 1907 locis
437 1866 553 1907 villae
593 1865 733 1919 praed„
774 1865 850 1905 ubi
890 1864 1121 1918 expediens
1157 1864 1289 1905 fuerit
1324 1868 1366 1905 et
1407 1877 1592 1912 necesse,

75 1933 245 1987 publice
266 1931 519 1985 proclamari
550 1935 592 1972 et
613 1930 823 1972 notificari
854 1930 1034 1980 faciatis,
1055 1934 1098 1971 et
1118 1929 1199 1971 hoc
1230 1930 1310 1971 sub
1341 1929 1593 1970 incumben-

74 1999 191 2040 tibus
221 1998 423 2052 periculis
454 1998 702 2039 nullatenus
733 1997 957 2039 omittatis.
1017 1997 1142 2038 Teste
1174 1996 1300 2052 Rege,
1322 1996 1436 2051 apud
1457 1996 1592 2037 Here-

74 2065 180 2115 ford,
201 2065 307 2105 xxix
329 2064 398 2106 die
419 2064 606 2119 Augusti
630 2064 792 2118 [1394]

139 2230 388 2271 DGXXVI.
422 2229 615 2283 (Hardyz
650 2230 743 2270 Rot.
767 2229 818 2269 de
841 2228 994 2269 oblatis
1017 2231 1058 2268 et
1079 2228 1250 2277 finibus,
1276 2230 1533 2269 1199-1216.

519 2310 558 2349 p.
584 2300 648 2336 24.
709 2295 767 2335 ΑΟ
793 2298 810 2334 1
837 2295 936 2335 Joh.
962 2294 1147 2347 [1199].)

133 2385 563 2426 Ebor.—Willelmus
587 2385 778 2426 Clericus
795 2390 838 2426 et
856 2385 1066 2425 Radulfus
1084 2384 1140 2425 fil.
1164 2382 1363 2425 Sundef’³
1380 2387 1423 2425 et
1445 2383 1592 2425 Simon

76 2452 128 2493 de
164 2451 409 2493 Griseburn4
444 2451 548 2491 dant
579 2451 691 2491 D'no
725 2451 832 2505 Regi
868 2454 1019 2504 quater
1053 2464 1113 2490 xx
1145 2463 1319 2498 marcas,
1355 2463 1431 2503 pro
1467 2463 1511 2490 se
1547 2454 1591 2490 et

123 2558 136 2580 ¹
162 2559 198 2591 It
215 2558 244 2591 is
261 2561 323 2591 not
341 2569 423 2600 easy
439 2561 476 2591 to
493 2558 615 2592 decide
632 2558 729 2591 what
748 2560 767 2576 ‘⁴
782 2559 819 2591 in
845 2558 978 2601 copulis
1002 2569 1130 2600 ponere
1143 2557 1161 2572 '’
1179 2569 1262 2599 may
1279 2568 1379 2589 mean
1394 2570 1403 2597 ;
1429 2557 1495 2590 but
1512 2568 1591 2600 pro-

76 2615 184 2656 bably
200 2614 261 2647 the
286 2615 411 2655 copulae
436 2625 518 2656 may
540 2614 631 2646 have
657 2613 746 2646 been
770 2614 893 2655 nearly
918 2625 958 2645 or
981 2613 1081 2656 quite
1104 2613 1166 2645 the
1192 2623 1287 2645 same
1313 2623 1350 2646 as
1375 2612 1492 2654 kymps
1521 2615 1591 2653 (see

75 2682 192 2712 supra,
210 2681 241 2712 p.
263 2671 342 2709 603,
360 2672 444 2701 note
462 2671 508 2713 2),
528 2669 598 2701 and
615 2669 676 2702 the
692 2669 790 2701 word
814 2669 910 2701 itself
935 2679 955 2701 a
980 2669 1189 2701 diminutive
1210 2667 1347 2701 formed,
1364 2668 1455 2699 from
1479 2678 1589 2709 coupe,

76 2736 97 2758 a
113 2728 186 2764 vat,
205 2725 280 2764 tub,
301 2725 421 2758 vessel.

123 2779 137 2800 2
161 2780 234 2812 The
260 2780 403 2822 reading
427 2779 510 2812 here
535 2779 564 2812 is
590 2779 704 2812 either
728 2778 794 2812 u'ri
818 2790 857 2811 01·
881 2779 954 2819 n'rz',
983 2778 1053 2812 and
1077 2778 1161 2820 only
1177 2777 1238 2810 the
1264 2788 1362 2810 sense
1389 2789 1452 2811 can
1470 2778 1591 2812 decide

76 2835 191 2867 which
208 2838 304 2867 must
320 2835 363 2867 be
380 2835 541 2877 adopted.

123 2889 137 2911 3
161 2891 245 2923 This
262 2902 363 2923 name
381 2891 417 2922 in
434 2890 593 2934 Young’s
620 2890 757 2931 Whitby,
774 2900 806 2931 p.
826 2888 906 2929 477,
924 2889 1026 2921 takes
1039 2888 1101 2921 the
1114 2888 1204 2920 form
1219 2888 1328 2921 Sudof
1342 2901 1349 2921 :
1377 2889 1465 2922 both
1482 2889 1589 2922 forms

78 2958 136 2980 are
149 2947 241 2979 alike
258 2958 347 2989 open
365 2949 402 2979 to
421 2946 541 2978 doubt.
594 2946 657 2978 See
675 2945 739 2977 No.
761 2947 841 2986 266,
860 2945 926 2977 and
946 2947 1029 2977 note
1046 2946 1083 2976 to
1102 2945 1140 2977 it.

125 2999 139 3022 4
164 3001 292 3044 Young
308 3002 371 3034 has
389 3001 586 3034 Keseburn.
