1889 3221
311 332 392 371 640
540 341 904 374 CARTULARIUM
930 340 1200 374 ABBATHIAE
1226 342 1289 375 DE
1313 342 1561 376 WHITEBY.

297 449 484 490 Eskedal
518 454 561 491 et
596 450 791 504 Sleghtes
823 451 946 504 (239)
978 465 1053 504 per
1082 465 1234 493 manus
1265 453 1508 494 tenentium
1538 452 1698 494 ibidem
1718 452 1812 493 ubi-

298 529 467 569 cunque
488 516 683 566 voluerit,
705 517 759 558 ad
780 517 941 558 festum
969 517 1243 559 Pentecostes
1265 521 1306 559 et
1329 518 1367 560 S.
1391 519 1571 560 Martini
1600 519 1648 559 in
1677 532 1812 573 yeme,

298 595 375 635 per
404 581 588 636 aequales
623 586 776 636 partes,
808 597 884 637 pro
917 583 1115 624 omnibus
1147 597 1242 637 quae
1272 584 1318 624 in
1347 585 1530 639 pecunia
1551 584 1686 626 eidem
1717 597 1811 639 per-

296 648 434 689 tinere
455 653 670 702 poterunt.
734 650 790 689 Et
811 649 941 690 etiam
959 650 1167 704 percipiat
1188 651 1240 691 de
1261 651 1479 691 communi
1498 656 1716 692 vesturam
1736 663 1812 705 pro

297 718 413 755 statu
444 728 519 756 suo
552 715 787 757 decentem.
848 716 1062 770 Percipiat
1093 716 1235 766 etiam,
1257 730 1332 770 pro
1353 717 1516 758 valetto
1546 731 1623 758 suo
1654 721 1697 757 et
1726 730 1812 757 uno

297 781 492 835 garcione
529 781 633 822 duas
669 782 792 822 robas
829 782 881 823 de
917 782 1168 823 liberatione
1210 783 1403 833 Abbatis,
1439 783 1511 824 vel
1550 783 1681 825 etiam
1722 796 1811 823 xxv

297 847 454 888 solidos
491 848 656 902 argenti
695 862 771 901 pro
807 848 921 889 robis
957 848 1110 890 valetti
1141 854 1184 890 et
1219 849 1428 902 garcionis
1469 849 1663 903 ejusdem
1694 849 1813 890 omni

296 927 409 954 anno
449 927 533 967 quo
572 914 719 955 Abbas
761 914 912 955 domus
953 914 1144 968 ejusdem
1193 915 1491 957 liberationem
1522 948 1693 957 .....
1725 928 1811 955 non

297 979 543 1034 praestiterit
559 993 721 1033 :—quae
763 981 937 1034 quidem
988 982 1130 1022 omnia
1180 982 1454 1035 percipienda
1485 982 1536 1023 de
1580 981 1732 1023 celario
1768 984 1811 1021 et

298 1045 480 1099 coquina
515 1045 629 1085 idem
660 1045 791 1086 frater
825 1046 1008 1086 Thomas
1046 1047 1254 1100 percipiat
1293 1060 1370 1100 per
1408 1060 1452 1088 se
1493 1052 1536 1088 et
1568 1060 1666 1088 suos
1707 1060 1809 1100 quo-

295 1110 403 1151 libet
443 1111 522 1161 die,
553 1111 623 1152 vel
660 1111 792 1152 semel
821 1112 868 1152 in
900 1112 1146 1162 ebdomada,
1180 1118 1308 1167 prout
1344 1113 1426 1153 sibi
1460 1113 1618 1154 viderit
1657 1113 1810 1154 melius

297 1176 508 1230 expedire.
556 1177 668 1217 Item
685 1177 841 1218 habeat
858 1178 997 1219 dictus
1015 1179 1144 1219 frater
1165 1178 1346 1220 Thomas
1367 1192 1506 1228 usum,
1526 1179 1811 1228 usufructum,

297 1247 340 1283 et
362 1256 531 1284 omnem
547 1243 781 1284 utilitatem
803 1245 983 1285 manerii
1005 1245 1055 1285 de
1073 1245 1295 1295 Eskedale,
1316 1248 1366 1286 ut
1395 1246 1441 1285 in
1463 1245 1667 1295 aedificiis,
1687 1245 1810 1286 terris

299 1309 564 1358 arrabilibus,
605 1310 751 1363 pratis,
796 1313 839 1350 et
889 1310 1044 1352 clausis
1085 1311 1413 1365 quibuscunque
1459 1311 1571 1353 dicto
1621 1311 1808 1352 manerio

297 1375 604 1428 spectantibus,
635 1375 690 1416 ad
720 1378 854 1416 totam
885 1377 1022 1417 vitam
1057 1390 1203 1418 suam:
1234 1377 1304 1418 Ita
1334 1377 1448 1431 quod
1478 1377 1634 1418 habeat
1664 1390 1810 1418 omnes

295 1446 527 1495 proventus
560 1446 603 1482 et
633 1441 775 1482 exitus
806 1442 859 1483 de
889 1442 1016 1483 dictis
1046 1444 1170 1484 terris
1203 1448 1245 1484 et
1276 1443 1424 1497 pratis,
1446 1447 1489 1484 et
1519 1443 1633 1497 quod
1662 1443 1810 1484 Fores-

296 1508 441 1557 tarius,
483 1521 610 1561 quem
642 1508 792 1549 Abbas
830 1508 881 1549 de
917 1508 1124 1563 Whiteby
1159 1523 1236 1563 pro
1267 1509 1460 1550 custodia
1500 1509 1617 1551 bosci
1657 1509 1723 1550 sui
1763 1509 1808 1549 in

297 1573 507 1614 Eskedale
529 1573 702 1614 duxerit
733 1573 959 1628 assignare,
990 1575 1235 1628 sumptibus
1258 1575 1364 1616 dicti
1384 1575 1567 1616 Abbatis
1592 1574 1638 1615 in
1659 1574 1810 1615 libera-

297 1640 414 1680 tione
436 1639 554 1680 bladi
575 1644 619 1681 et
639 1640 742 1680 roba
762 1640 922 1681 ibidem
944 1640 1190 1682 inveniatur
1203 1657 1212 1692 3
1245 1646 1287 1682 et
1317 1641 1431 1682 idem
1458 1641 1597 1682 D'nus
1627 1641 1809 1682 Thomas

298 1705 507 1759 percipiat
548 1706 599 1747 de
644 1706 771 1747 bosco
822 1706 869 1746 in
909 1706 1098 1748 Eskedal
1137 1721 1213 1761 pro
1254 1707 1446 1748 aedificiis
1488 1707 1593 1748 dicti
1632 1707 1812 1748 manerii

298 1771 589 1813 sustentandis
621 1777 664 1813 et
694 1772 952 1826 reparandis,
974 1776 1016 1813 et
1047 1773 1178 1814 etiam
1208 1773 1369 1814 ferrum
1389 1774 1441 1815 de
1464 1765 1809 1823 communisc'um

299 1838 496 1878 omnibus
539 1839 788 1879 necessa1iis
828 1852 904 1892 pro
948 1839 1109 1880 carucis
1151 1843 1193 1880 et
1232 1839 1436 1893 plaustris
1472 1839 1578 1880 dicti
1620 1839 1811 1888 manerii,

292 1908 340 1945 et
376 1903 505 1943 etiam
548 1904 818 1944 rationabilia
861 1905 1068 1945 estoveria
1111 1918 1187 1945 sua
1228 1906 1281 1946 ad
1323 1905 1658 1946 comburendum
1698 1906 1810 1945 infra

299 1968 533 2009 Abbatiam
583 1969 634 2009 de
675 1969 894 2022 Whiteby,
936 1974 979 2010 et
1019 1970 1064 2010 in
1106 1970 1221 2011 dicto
1260 1971 1449 2012 manerio
1496 1971 1546 2011 de
1587 1971 1808 2021 Eskedalc‚

299 2034 541 2087 sumptibus
592 2034 681 2075 suis
732 2035 988 2076 succidenda
1028 2040 1070 2076 et
1120 2036 1319 2078 carianda
1369 2037 1555 2079 omnino
1638 2038 1808 2079 Habeat

300 2100 429 2140 etiam
469 2114 528 2141 xv
569 2104 751 2141 carratas
787 2101 1009 2142 turbarum
1048 2102 1272 2143 annuatim
1313 2102 1361 2143 ad
1405 2106 1542 2145 costas
1578 2104 1806 2146 eorundem

300 2165 606 2218 Religiosorum
658 2165 966 2216 fodiendarum‚
1007 2171 1049 2208 et
1096 2168 1209 2220 apud
1249 2168 1456 2222 Whiteby
1502 2169 1806 2210 cariandarum.

299 2230 511 2284 Percipiat
557 2231 686 2271 etiam
726 2245 802 2284 per
840 2245 993 2273 manus
1035 2233 1229 2274 Sacristae
1269 2233 1320 2274 de
1361 2233 1577 2289 Whiteby,
1617 2235 1691 2289 qui
1731 2249 1806 2289 pro

298 2301 487 2350 tempore
518 2296 657 2346 fuerit,
688 2301 774 2338 tres
804 2297 934 2338 libras
960 2311 1064 2339 cerae
1093 2298 1147 2339 ad
1174 2299 1332 2340 festum
1363 2299 1402 2341 S.
1425 2299 1651 2342 Michaelis
1672 2315 1807 2341 annu-

301 2363 418 2412 atim,
461 2365 504 2403 et
549 2362 679 2403 etiam
724 2363 776 2403 de
819 2376 983 2404 camera
1023 2364 1206 2405 Abbatis
1252 2364 1399 2406 decem
1443 2365 1573 2407 libras
1618 2366 1805 2408 candelae

302 2427 552 2469 Parisiensis
583 2428 637 2468 ad
658 2428 817 2468 festum
848 2428 1053 2470 Omnium
1090 2430 1344 2471 Sanctorum
1373 2444 1449 2484 pro
1483 2430 1685 2472 luminari
1723 2433 1806 2473 sibi

300 2494 580 2535 convenienti.
641 2494 814 2535 Habeat
835 2495 963 2535 etiam
985 2495 1271 2548 equitaturam
1292 2496 1373 2537 sibi
1394 2499 1437 2537 et
1457 2497 1544 2537 suis
1566 2501 1805 2551 competen-

299 2564 387 2600 tem
409 2560 460 2601 de
480 2559 688 2613 Whiteby
709 2560 823 2613 apud
852 2561 1075 2610 Eskedale‚
1103 2564 1147 2602 et
1176 2565 1299 2611 retro,
1318 2564 1508 2615 tempore
1538 2576 1622 2616 quo
1652 2563 1805 2605 exinde

301 2639 344 2665 se
374 2625 600 2666 transferre
630 2624 824 2666 voluerit.
886 2626 1099 2679 Percipiat
1130 2626 1259 2667 etiam
1290 2627 1341 2667 de
1372 2627 1525 2668 celario
1555 2631 1597 2668 et
1624 2629 1805 2681 coquina

299 2704 375 2743 pro
396 2691 543 2731 amicis
565 2690 664 2740 suis,
686 2691 723 2731 si
752 2704 878 2743 quem
899 2691 1058 2732 ibidem
1080 2691 1292 2733 declinare
1323 2692 1557 2746 contigerit,
1578 2696 1705 2746 prout
1731 2694 1805 2734 alii

299 2755 500 2807 hospites,
529 2755 762 2796 secundum
795 2759 955 2796 statum
985 2770 1143 2806 eorum,
1172 2757 1218 2796 in
1238 2756 1425 2797 Abbatia
1453 2757 1698 2810 percipient,
1729 2772 1804 2799 seu

299 2820 512 2873 percipere
544 2825 864 2862 consueverunt.
924 2822 980 2862 Et
1013 2835 1140 2875 super
1170 2822 1366 2862 omnibus
1402 2822 1612 2863 contentis
1647 2822 1693 2863 in
1723 2823 1802 2865 hac

299 2885 562 2925 ordinatione
597 2891 741 2927 nostra
776 2886 1003 2939 praedictus
1041 2887 1286 2928 Conventus
1322 2887 1458 2939 ipsam
1494 2887 1802 2930 ordinationem

298 2950 581 3003 approbando,
621 2965 748 3003 quam
789 2952 872 2992 cito
909 2952 1126 2992 commode
1167 2952 1334 3005 poterit,
1369 2952 1496 2992 faciat
1531 2954 1802 2995 securitatem
