1889 3221
331 370 694 404 CARTULARIUM
720 370 990 403 ABBATHIAE
1016 370 1081 402 DE
1106 368 1355 402 WHITEBY.
1517 359 1597 398 669

275 498 452 539 DOXX.
486 497 652 551 (Rotuli
674 497 1022 547 Hundredorum,
1043 497 1159 537 EdW.
1184 507 1208 537 Ι.
1232 511 1271 550 p.
1300 495 1412 548 132.)

469 581 592 622 WAP.
615 581 894 621 LANGEBERG'
919 581 1046 634 (after
1072 579 1212 633 1271).

609 664 751 704 VILLA
772 675 828 704 DE
850 664 1079 704 WHITEBY.

142 747 304 789 Dicunt
339 747 453 802 quod
493 747 636 788 Abbas
673 748 725 788 de
760 747 951 801 Wyteby
988 746 1182 787 abutitur
1215 745 1487 787 libertatibus
1524 744 1608 786 sibi

84 814 483 855 concessis—videl.
502 813 709 867 capiendo
726 813 964 854 teolonium
981 817 1102 854 extra
1119 813 1298 853 Portum
1315 812 1367 853 de
1382 812 1608 866 Whiteby,

84 884 127 920 et
162 880 454 934 distringendo
489 880 646 921 liberos
679 879 873 921 homines
908 883 1029 920 extra
1060 879 1315 928 libertatem,
1347 878 1400 919 ad
1429 878 1603 919 libitum

85 959 222 987 suum.
284 947 399 987 Item
430 946 578 986 nullus
610 950 818 986 mercator
848 949 989 999 potest
1019 944 1202 986 vendere
1230 944 1509 985 mercionaria
1530 957 1607 985 sua

85 1012 132 1052 in
168 1012 298 1053 Portu
337 1012 389 1053 de
425 1011 648 1065 Whiteby,
684 1012 770 1052 nisi
806 1012 925 1065 prius
962 1010 1111 1051 habita
1153 1024 1279 1064 super
1313 1010 1394 1051 hoc
1434 1010 1608 1051 licentia

86 1078 256 1128 Ballivi,
278 1092 375 1119 cum
395 1078 521 1119 liberi
542 1077 699 1118 debent
719 1091 867 1118 omnes
889 1077 968 1118 1100
990 1077 1126 1118 facere
1147 1090 1223 1130 pro
1244 1076 1468 1118 voluntate
1490 1090 1576 1117 sua.

191 1202 399 1244 DOXXI.
432 1202 583 1256 (Gesta
603 1201 715 1243 Abb.
739 1201 776 1243 S.
800 1201 974 1251 Albani,
995 1200 1059 1242 ed.
1081 1200 1220 1255 Rfley,
1241 1199 1266 1240 i.
1292 1203 1387 1250 260,
1413 1203 1507 1250 261,

706 1267 985 1321 1214-1238.)

142 1361 253 1401 Loco
274 1374 373 1401 vero
394 1359 642 1409 Alexandri,
659 1360 815 1400 Prioris
834 1359 885 1400 de
901 1358 1239 1413 Wymundham,
1258 1357 1535 1411 Radulphum
1552 1358 1605 1399 de

85 1427 262 1480 Witeby
293 1426 539 1480 subrogavit
576 1426 682 1480 [scil.
720 1425 966 1466 WVillelmus
1002 1425 1145 1465 Abbas
1182 1424 1221 1465 S.
1259 1424 1448 1477 Albani}
1521 1424 1605 1464 Ra-

87 1493 287 1547 dulphus,
309 1496 589 1547 cognomento
612 1493 663 1533 de
686 1492 905 1541 Stanham,
921 1492 967 1532 in
989 1491 1296 1545 temporalibus
1314 1495 1356 1531 et
1373 1491 1605 1545 spirituali-

86 1559 166 1599 bus
196 1559 264 1599 vir
295 1557 421 1613 [erat]
453 1558 658 1612 providus
687 1561 730 1599 et
758 1558 1104 1611 circumspectus.
1164 1557 1333 1598 Nostrae
1353 1561 1498 1598 tamen
1519 1571 1605 1598 non

88 1629 178 1666 erat
194 1625 426 1665 monachus
443 1624 737 1678 professionis3
763 1623 903 1664 fuerat
920 1623 1034 1664 enim
1049 1622 1284 1663 monachus
1302 1623 1354 1664 (10
1370 1623 1606 1676 Wytebeia‚

88 1695 130 1732 et
170 1691 290 1731 Prior
331 1690 480 1731 domus
520 1689 664 1741 illius3
710 1693 754 1730 et
793 1689 1134 1742 persecutionem
1174 1688 1335 1729 ibidem
1375 1688 1606 1742 aliquando

88 1769 251 1810 passus,
292 1756 345 1796 ad
387 1755 530 1796 sinum
570 1754 848 1808 protectionis
890 1754 937 1795 B.
980 1754 1151 1802 Albani,
1192 1753 1267 1794 ubi
1308 1757 1350 1794 et
1396 1758 1606 1807 receptus,

88 1823 301 1876 sapienter
336 1821 537 1875 confugit.
599 1821 766 1861 Habuit
797 1820 928 1861 etiam
958 1819 1072 1861 idem
1105 1818 1371 1873 Radulphus,
1396 1819 1497 1873 quia
1529 1819 1607 1860 ali—

87 1889 257 1943 quando
289 1889 409 1930 Prior
439 1887 586 1929 extitit
606 1889 767 1928 Domus
788 1890 1043 1936 memoratae,
1064 1885 1295 1939 quamdam
1316 1885 1515 1926 cellulam
1537 1885 1607 1926 vel

87 1955 408 1997 heremitorium
450 1954 532 1995 sibi
572 1953 826 2007 specialiter,
864 1953 916 1993 ob
959 1966 1046 1993 suae
1086 1951 1369 1993 reverentiam
1403 1964 1608 2005 personae,

88 2022 362 2076 assignatum,
385 2020 498 2075 quod
520 2020 573 2061 ad
593 2021 780 2060 Domum
801 2019 853 2060 de
872 2019 1063 2073 Wyteby
1083 2017 1345 2072 pertinebat;
1377 2022 1426 2058 ut
1445 2018 1606 2060 ibidem

88 2101 113 2129 a
147 2088 255 2129 facie
289 2087 650 2142 persequentium,
687 2085 769 2126 sibi
803 2099 973 2134 vacans,
1007 2084 1144 2125 tutius
1180 2085 1381 2125 latitaret.
1454 2085 1607 2138 Ibique

88 2168 189 2195 sane
211 2158 254 2195 et
274 2152 712 2207 irreprehensibiliter,
729 2156 828 2192 ante
851 2165 980 2205 quam
1001 2151 1047 2191 in
1070 2150 1305 2192 claustrum
1327 2151 1365 2192 S.
1382 2150 1542 2191 Albani
1563 2164 1607 2192 se

88 2220 327 2274 recepisset,
347 2233 423 2274 per
443 2218 615 2272 aliquod
636 2222 807 2271 tempus
830 2217 1052 2257 habitavit.

685 2315 813 2369 (Ιῑηα.
835 2328 873 2368 p.
898 2313 1011 2366 272.)

148 2400 415 2455 Afterwards
441 2399 572 2440 Abbot
606 2397 803 2439 William
823 2397 941 2437 visits
962 2396 1026 2436 the
1047 2395 1119 2436 cell
1140 2395 1190 2449 of
1222 2395 1605 2449 Wymundhamr*

91 2468 167 2508 ubi
196 2468 309 2507 facta
338 2464 618 2518 inquisitione
649 2462 846 2517 diligenti
877 2462 929 2502 de
960 2465 1074 2502 statu
1107 2461 1299 2502 interiori
1330 2464 1373 2502 et
1397 2462 1608 2511 exteriori,

92 2534 257 2574 dictum
288 2535 352 2572 est
383 2531 422 2571 ei
452 2529 565 2584 quod
596 2529 716 2569 Prior
746 2528 919 2568 illorum
951 2527 1094 2581 [videl.
1117 2527 1254 2567 D’nus
1276 2527 1531 2582 Radulphus
1553 2528 1604 2569 de

91 2597 299 2653 Wyteby]
342 2597 517 2637 domum
558 2595 610 2636 de
649 2593 974 2648 Wymundham
1015 2592 1242 2633 enormiter
1281 2592 1605 2643 damnificando,

93 2664 291 2705 cellulam
327 2676 446 2703 suam
479 2661 530 2702 de
560 2660 737 2713 Witeby
767 2659 819 2700 de
850 2672 934 2713 qua
963 2663 1138 2699 venerat
1170 2663 1212 2699 et
1239 2658 1292 2698 ad
1320 2672 1448 2712 quam
1471 2672 1605 2712 quan-

93 2731 231 2784 doque
260 2728 397 2770 redire
429 2727 705 2780 disposuerat,
736 2725 788 2766 de
818 2725 941 2765 bonis
973 2724 1161 2765 ecclesiae
1196 2723 1247 2764 de
1281 2724 1606 2777 Wymundham

92 2795 301 2838 clamculo
337 2792 554 2847 surreptis,
588 2791 855 2832 instauravit.
932 2790 989 2830 Et
1029 2789 1130 2843 quia
1170 2793 1398 2830 extraneus
1437 2789 1530 2840 fuit,
1553 2790 1606 2831 ad

93 2863 232 2903 aliena
271 2859 500 2909 anhelavit,
536 2857 772 2911 similisque
809 2860 899 2897 erat
928 2856 1089 2909 pastori
1119 2855 1301 2896 tentoria
1332 2855 1607 2906 inhabitanti,

92 2928 168 2982 qui
196 2927 243 2967 in
273 2926 458 2968 crastino
488 2924 626 2965 tendit
657 2923 712 2964 ad
741 2921 952 2963 ulteriora.
1013 2921 1249 2962 Dicebatur
1274 2921 1459 2975 insuper,
1490 2922 1605 2975 quod

93 3006 221 3047 supra
250 2991 423 3033 modum
453 2989 633 3044 gratiam
665 2987 844 3030 Comitis
876 2987 927 3028 de
957 2986 1194 3028 Arundelle
1215 3000 1472 3041 suorumque
1508 3000 1605 3041 cap-
