1889 3221
284 319 364 355 660
542 326 902 359 CARTULARIUM
928 326 1196 359 ABBATHIAE
1222 327 1285 359 DE
1310 327 1553 361 WHITEBY.

278 434 388 475 D'no
419 435 622 485 Johanni,
651 436 703 477 D.
734 435 782 476 G.
810 435 1033 489 Aybonen'
1057 436 1171 490 Ep'o,
1204 436 1362 486 Simon,
1394 437 1492 479 Div.
1524 436 1793 491 providentia

277 499 465 542 London.
491 501 634 555 Ep'us,
665 502 739 543 sal.
771 505 814 543 et
846 502 1077 543 fraternam
1107 502 1154 543 in
1185 503 1295 543 D'no
1318 503 1549 544 caritatem.
1611 503 1682 543 Ad
1712 503 1793 543 im-

276 566 549 619 pendendum
579 581 737 609 munus
769 568 1079 609 benedictionis
1116 569 1238 609 fratri
1270 569 1474 619 Johanni,
1504 569 1549 609 in
1580 569 1791 609 Abbatem

275 632 526 673 Monasterii
549 633 600 674 de
616 633 822 688 Whiteby
839 634 985 684 electo,
1003 635 1256 676 auctoritate
1273 636 1373 676 Rev.
1391 635 1524 689 patris
1545 635 1591 675 in
1609 634 1790 683 Christo,

273 698 375 738 D'ni
405 699 653 750 Alexandri,
674 700 727 740 D.
752 700 800 743 G.
831 700 952 741 Ebor.
976 701 1301 755 Archiepiscopi
1328 701 1586 751 confirmato,
1613 701 1660 741 in
1687 714 1790 754 quo-

273 777 441 818 cunque
473 765 564 806 loco
595 769 751 806 nostrae
781 766 970 807 civitatis
1001 779 1076 807 seu
1111 766 1336 816 dioceseos,
1369 770 1514 807 nostra
1546 765 1791 807 Cathedrali

272 830 466 871 Ecclesia
496 830 794 872 tantummodo
826 835 1017 884 excepta,
1048 832 1169 872 vobis
1201 845 1274 873 seu
1307 832 1547 885 cuicunque
1579 831 1790 885 Episcopo

274 895 494 938 Catholico
526 897 594 938 sui
624 897 752 938 officii
783 898 1078 938 executionem
1107 897 1322 951 optinenti
1352 897 1568 938 licentiam
1599 895 1789 937 concedi-

272 975 368 1002 mus
409 966 555 1004 tenore
595 963 873 1016 praesentium
914 962 1151 1017 specialem.
1233 963 1397 1004 Datum
1439 963 1553 1017 apud
1587 962 1789 1003 Hadham

272 1027 414 1068 XXffito
444 1028 512 1069 die
542 1029 571 1070 J
574 1028 668 1069 unii
698 1029 750 1070 A.
783 1029 835 1069 D.
865 1029 1183 1070 M000011101xxiv0
1214 1033 1256 1070 et
1286 1033 1441 1070 nostrae
1462 1028 1789 1070 consecrationis

273 1093 378 1133 xiii0.
441 1093 605 1143 Quibus
636 1093 795 1134 litteris
826 1094 937 1134 sicut
968 1094 1213 1147 praedicitur
1242 1094 1357 1135 dicto
1388 1094 1495 1135 Ven.
1527 1094 1650 1147 patri,
1678 1094 1788 1134 D’no

272 1158 492 1211 Aybonen'
532 1158 648 1212 Ep'o,
688 1158 955 1212 praesentatis
997 1162 1039 1199 et
1079 1159 1261 1208 traditis,
1302 1162 1345 1199 et
1384 1172 1459 1213 per
1498 1159 1641 1212 ipsum
1679 1159 1787 1199 Ven.

273 1228 438 1276 patrem
478 1237 577 1265 cum
616 1225 853 1265 reverentia
889 1225 1034 1266 debita
1068 1225 1260 1278 receptis,
1297 1229 1340 1265 et
1375 1239 1450 1279 per
1484 1225 1627 1279 ipsum
1662 1225 1788 1278 plene

273 1289 515 1339 intellectis,
540 1290 699 1344 optulit
729 1303 773 1331 se
804 1290 857 1331 ob
887 1291 1171 1331 reverentiam
1202 1290 1502 1344 praedictorum
1532 1295 1715 1344 patrum,
1747 1294 1789 1331 et

273 1369 419 1396 eorum
440 1356 691 1397 auctoritate
722 1369 771 1397 ea
791 1369 886 1410 quae
908 1369 985 1397 suo
1006 1356 1312 1397 incumbebant
1333 1356 1469 1397 officio
1491 1356 1721 1409 episcopali
1742 1356 1789 1396 in

273 1420 353 1461 hac
382 1424 502 1474 parte
533 1421 647 1462 dicto
678 1421 799 1462 fratri
820 1421 849 1462 J
852 1421 1012 1462 ohanni
1043 1421 1177 1462 electo
1200 1421 1415 1462 antedicto
1446 1421 1630 1462 libenter
1650 1422 1789 1463 facere

274 1491 316 1527 et
346 1487 601 1536 ministrare,
632 1491 675 1528 et
705 1487 911 1528 accedens
942 1487 1088 1528 statim
1119 1486 1173 1527 ad
1204 1500 1419 1527 summum
1451 1486 1585 1527 altare
1606 1487 1653 1526 in
1674 1487 1788 1528 dicta

275 1553 450 1606 Capella
480 1556 705 1602 statutum,
728 1553 842 1593 idem
863 1553 969 1593 Ven.
991 1556 1125 1606 pater,
1156 1552 1294 1593 D'nus
1324 1553 1454 1606 Ep'us
1476 1553 1712 1606 Aybonen',
1744 1567 1788 1594 se

275 1618 586 1672 episcopalibus
619 1617 878 1659 ornamentis
910 1617 1033 1658 indui
1066 1617 1178 1667 fecit,
1204 1618 1364 1659 eisdem
1396 1631 1471 1671 pro
1504 1618 1640 1659 officio
1660 1619 1787 1659 bene-

275 1683 473 1724 dictionis
517 1683 563 1724 in
608 1683 771 1724 dictum
818 1683 992 1724 fratrem
1039 1683 1296 1732 Johannem,
1343 1683 1558 1724 Abbatem
1604 1683 1785 1724 electum

274 1749 536 1802 praedictum,
557 1749 816 1800 exercendo3
847 1753 890 1790 et
919 1749 965 1789 in
997 1748 1110 1789 dicto
1142 1749 1272 1790 fratre
1302 1748 1500 1790 Johanne
1528 1750 1786 1790 ornamentis

274 1814 356 1854 sibi
386 1828 461 1868 pro
493 1814 607 1855 dicta
636 1814 930 1855 benedictione
961 1815 1014 1855 ab
1044 1815 1137 1867 ipso
1168 1814 1279 1855 D’no
1311 1814 1521 1868 Episcopo
1555 1815 1785 1871 obtinenda

275 1880 639 1929 convenientibus,
673 1880 814 1920 dictus
841 1880 948 1920 Ven.
980 1884 1112 1933 pater,
1139 1880 1276 1919 D'nus
1307 1880 1436 1933 Ep'us
1466 1880 1702 1933 Aybonen',
1733 1882 1785 1921 ad

274 1946 447 1986 missam
488 1943 783 1985 celebrandam
832 1945 1080 1998 praedictam
1119 1945 1459 1986 benedictionem
1501 1945 1615 1986 dicto
1664 1946 1785 1986 fratri

273 2010 463 2051 Johanni
493 2011 626 2051 electo
655 2011 767 2050 infra
798 2010 988 2063 ejusdem
1019 2010 1160 2050 missae
1191 2010 1426 2063 solempnia
1456 2010 1784 2063 impendendam

274 2076 478 2131 processit
506 2080 548 2117 et
579 2076 820 2117 celebravit.
881 2076 937 2115 Et
967 2089 1065 2116 cum
1094 2076 1287 2129 pervenit
1319 2075 1373 2116 ad
1402 2076 1544 2116 locum
1579 2076 1625 2117 in
1655 2078 1785 2118 missa

273 2142 476 2196 praedicta
506 2141 751 2182 immediate
779 2145 878 2182 ante
909 2140 1178 2194 evangelium
1208 2140 1378 2189 lectum,
1398 2141 1536 2194 posita
1563 2141 1646 2182 sibi
1667 2142 1782 2182 cath-

273 2207 373 2249 edra
414 2211 512 2248 ante
553 2206 716 2247 dictum
756 2206 900 2255 altare,
950 2205 1093 2259 posuit
1134 2219 1189 2254 se,
1235 2219 1283 2246 ac
1323 2205 1435 2246 sedit
1474 2206 1520 2246 in
1560 2219 1620 2256 ea,
1656 2207 1783 2247 fratre

273 2273 469 2314 Johanne
499 2272 634 2313 electo
665 2286 717 2313 ex
748 2272 923 2313 adverso
954 2275 1053 2312 ante
1083 2271 1246 2312 dictum
1278 2271 1434 2312 D'num
1455 2272 1598 2325 ipsum
1619 2272 1665 2312 in
1685 2273 1783 2314 sede

271 2353 346 2393 pro
379 2353 422 2380 se
452 2338 505 2379 ad
537 2337 769 2379 sedendum
797 2341 942 2391 aptata
963 2337 1146 2377 sedente.
1205 2336 1263 2377 Et
1282 2336 1493 2390 incipiens
1515 2337 1654 2378 dictus
1675 2338 1782 2379 Ven.

273 2409 404 2458 pater,
425 2403 666 2445 antedictus
697 2403 827 2456 Ep’us
847 2402 1084 2456 Aybonen',
1105 2403 1375 2456 interrogare,
1395 2407 1521 2456 prout
1552 2406 1616 2443 est
1643 2403 1783 2452 moris,

272 2471 435 2511 dictum
466 2470 638 2510 fratrem
675 2468 770 2509 Joh.
803 2467 985 2509 electum
1017 2468 1069 2508 de
1100 2467 1321 2508 voluntate
1353 2472 1396 2508 et
1426 2481 1600 2509 assensu
1636 2469 1782 2509 suis—

270 2535 548 2589 interrogavit
578 2548 675 2574 eum
705 2548 760 2574 an
790 2533 923 2574 vellet
950 2546 1095 2574 curam
1118 2536 1160 2574 et
1189 2533 1377 2586 regimen
1398 2534 1636 2574 animarum
1657 2534 1781 2575 dictae

270 2600 468 2643 Abbatiae
502 2599 789 2652 subjectarum
825 2602 868 2639 et
903 2599 1111 2639 bonorum
1147 2599 1336 2652 ejusdem
1372 2599 1513 2640 subire
1550 2603 1593 2640 et
1627 2599 1780 2640 admit-

269 2672 551 2719 tere—quum
586 2665 715 2705 frater
744 2664 839 2705 Joh.
871 2664 1026 2704 humili
1062 2668 1104 2704 et
1134 2663 1246 2704 clara
1280 2677 1384 2704 voce
1419 2664 1701 2718 responderet,
1737 2669 1779 2705 et

268 2730 577 2772 verbis—Volo
599 2734 641 2770 et
663 2729 997 2771 Consentio-*se
1019 2729 1129 2770 velle
1158 2729 1316 2769 dictam
1347 2743 1490 2770 curam
1521 2734 1563 2769 et
1590 2729 1778 2782 regimen

271 2796 412 2836 subire
434 2799 475 2836 et
496 2795 732 2844 admittere,
752 2798 795 2836 et
816 2795 876 2835 sic
897 2794 1143 2848 hujusmodi
1164 2794 1497 2847 interrogatoriis
1514 2798 1557 2834 et
1573 2794 1668 2834 aliis
1685 2808 1778 2847 quae

270 2863 316 2902 in
336 2861 464 2914 hujus
486 2860 612 2900 officii
632 2859 942 2901 benedictionis
963 2859 1248 2913 impendendo
1269 2858 1359 2898 fieri
1379 2858 1630 2907 attinebant,
1652 2872 1777 2900 suum

270 2925 380 2967 velle
410 2925 592 2978 praebuit
620 2929 665 2966 et
693 2938 923 2974 assensum,
946 2929 989 2966 et
1015 2928 1164 2965 tenens
1186 2923 1227 2963 in
1252 2936 1382 2963 manu
1403 2936 1479 2964 sua
1509 2923 1622 2964 idem
1649 2925 1778 2966 frater
