1889 3221
329 370 687 404 OARTULARIUM
713 370 981 402 ABBATHIAE
1007 371 1070 402 DE
1095 369 1341 402 WHITEBY.
1521 361 1597 397 681

87 480 259 521 t'rarum
280 494 385 535 quas
407 494 482 535 ego
513 480 774 522 Eboracensi
797 484 840 521 et
871 479 1155 521 Dunelmensi
1177 478 1259 520 feci
1288 477 1506 527 Ecclesiis,
1528 491 1605 531 pro

86 560 115 588 6.
154 547 307 588 animae
341 561 446 588 meae
481 550 524 589 et
559 546 851 601 redemptione
887 550 1160 600 peccatorum
1193 558 1397 594 meorum,
1429 547 1471 585 et
1502 543 1603 597 quia

85 613 178 667 ipse
198 617 330 655 terras
352 613 553 655 Ecclesiis
585 613 671 654 illis
698 613 793 667 jure
816 613 1058 666 adjacentes
1089 610 1256 653 reddidi
1287 614 1330 652 et
1351 609 1543 651 concessi
1564 613 1606 650 et

86 679 335 722 donationes
367 685 575 722 terrarum
597 694 702 734 quas
725 694 799 735 ego
831 680 870 721 S.
894 678 1074 720 Becensi
1105 677 1320 727 Ecclesiae,
1342 680 1384 718 et
1404 675 1602 717 Abbatiae

86 745 125 787 S.
149 746 319 797 Albani,
341 750 383 788 et
413 747 676 788 Monasterio
710 746 748 787 S.
782 746 1010 795 Pancratii,
1042 749 1085 786 et
1114 744 1276 786 Abbati
1298 744 1336 786 S.
1368 743 1519 784 Mariae
1551 743 1603 783 de

85 812 220 863 Ebor.,
242 818 285 854 et
304 813 500 854 Abbatiae
522 814 561 855 S.
585 813 790 855 Germani
806 813 858 853 de
875 811 1029 861 Salebi,
1052 815 1094 852 et
1110 811 1372 852 redditiones
1394 814 1601 851 terrarum

85 892 190 933 quas
220 879 467 921 hominibus
498 879 605 921 meis
634 893 740 934 quos
773 878 1189 927 exhaereditaveram,
1211 877 1305 927 feci,
1327 881 1370 918 et
1390 875 1602 917 escambia

86 959 180 999 quae
202 959 276 1000 pro
297 946 419 988 terris
440 945 528 986 11116
549 945 799 986 110111111110116
820 944 926 986 111616
949 943 1104 998 quibus
1121 956 1191 984 eas
1210 942 1408 984 dederam
1424 940 1603 990 reddidi,

84 1012 204 1053 nullo
226 1012 351 1054 modo
373 1012 532 1053 violare
552 1011 834 1066 praesumatis,
856 1014 920 1052 set
951 1013 1001 1050 ut
1022 1009 1195 1050 donatio
1217 1022 1313 1049 mea
1332 1008 1455 1048 firma
1476 1007 1533 1048 sit
1555 1020 1603 1046 ac

85 1078 250 1120 stabilis
272 1078 428 1120 nostris
445 1078 614 1132 juribus
637 1081 680 1119 et
698 1077 891 1118 omnium
913 1076 1148 1117 amicorum
1165 1079 1407 1116 nostrorum
1424 1073 1602 1114 faciatis.

84 1145 220 1185 Terrae
260 1148 403 1186 autem
445 1158 550 1198 quas
592 1157 666 1198 ego
707 1143 873 1185 reddidi
923 1141 1127 1183 Ecclesiis
1179 1141 1247 1182 1166
1288 1143 1392 1182 sunt
1409 1139 1601 1180 :—-Ebor.

84 1210 298 1260 Ecclesiae,
330 1210 538 1264 Helprebi
569 1224 666 1251 cum
697 1210 825 1251 feudo
857 1208 1092 1257 Bonefacii,
1124 1210 1167 1249 et
1199 1206 1531 1261 Scleningforde,
1560 1209 1604 1245 et

86 1276 340 1326 Grenteleie,
372 1280 414 1318 et
443 1276 490 1317 in
517 1275 812 1318 Cnarrleforde
833 1275 849 1315 i
870 1279 1115 1316 carucatam
1146 1277 1189 1315 et
1210 1272 1458 1314 dimidiam:
1491 1271 1603 1311 Hos-

84 1343 190 1397 pitio
207 1357 443 1398 pauperum
464 1343 647 1384 fratrum
677 1341 870 1396 ejusdem
900 1340 1104 1381 Ecclesiae
1134 1339 1167 1379 ii
1188 1353 1267 1380 car.
1289 1339 1377 1379 t'rae
1397 1338 1444 1378 in
1465 1336 1600 1377 Ham-

85 1410 217 1451 eseie:
248 1410 450 1451 Ecclesiae
466 1409 671 1450 Dunelm.
689 1413 731 1449 et
748 1408 787 1449 S.
808 1407 1043 1449 Cuthberto
1065 1406 1097 1446 ii
1117 1405 1307 1446 maneria
1328 1417 1423 1458 quae
1438 1402 1602 1443 Waltef

83 1475 199 1517 filius
233 1476 330 1517 Alsi
363 1476 414 1517 de
451 1489 518 1517 me
553 1475 729 1516 tenebat
763 1474 877 1515 ultra
918 1473 1096 1521 Teisam,
1133 1471 1221 1512 scil.
1259 1472 1523 1511 Bermentun
1559 1473 1602 1509 et

85 1542 410 1597 Scirmingham,
442 1545 483 1583 et
515 1541 719 1595 quicquid
751 1540 804 1581 ad
836 1553 905 1581 eas
936 1539 1147 1593 pertinet:
1189 1536 1355 1578 Sarloni
1385 1534 1598 1576 Monacho

83 1608 229 1650 dimid.
251 1622 330 1651 car.
347 1609 458 1649 t'rae:
490 1608 688 1649 Abbatiae
706 1607 743 1648 S.
761 1606 912 1648 Mariae
930 1606 981 1646 de
998 1605 1134 1654 Ebor,
1150 1603 1397 1644 molendina
1412 1601 1489 1642 1116
1505 1615 1599 1655 quae

83 1674 229 1716 Abbas
251 1674 407 1716 fecerat
428 1687 554 1728 super
576 1678 789 1728 stagnum,
811 1675 853 1713 et
884 1671 920 1713 si
949 1671 1044 1725 ipsa
1067 1669 1314 1711 molendina
1345 1668 1599 1709 deterioren-

82 1744 154 1782 tur
173 1744 344 1795 propter
364 1754 475 1781 nova
505 1740 752 1781 molendina
776 1752 883 1787 mea,
903 1737 1013 1787 volo,
1042 1737 1172 1777 frater
1191 1736 1263 1785 mi,
1284 1738 1333 1776 ut
1352 1734 1599 1776 restauretis

83 1807 194 1848 illud
215 1807 450 1861 dampnum
476 1806 675 1847 Abbatiae
697 1805 749 1846 de
774 1803 1011 1845 redditibus
1032 1801 1375 1843 molendinorum
1396 1813 1598 1841 meorum.

83 1875 165 1916 Hae
196 1878 299 1916 sunt
329 1879 450 1916 terrae
482 1887 587 1928 quas
619 1886 694 1927 ego
717 1871 816 1914 dedi
845 1869 1063 1918 Ecclesiis‚
1092 1868 1275 1909 Eswalle
1305 1868 1351 1908 in
1384 1867 1524 1908 Chent
1557 1871 1600 1908 et

82 1940 289 1995 quicquid
324 1940 377 1982 ad
409 1954 502 1981 eam
534 1939 734 1994 pertinet,
767 1941 809 1979 et
839 1940 975 1978 totam
1007 1935 1216 1977 decimam
1247 1935 1299 1975 de
1331 1933 1523 1975 Cundale
1553 1932 1599 1973 in

82 2007 341 2057 Eborascira,
362 2006 454 2057 viZ.,
475 2007 521 2047 in
543 2019 691 2055 messe,
713 2009 756 2046 et
776 2004 822 2045 in
843 2002 1114 2052 molendinis,
1137 2007 1179 2043 et
1207 2001 1253 2041 in
1280 2000 1469 2055 piscinis,
1490 2003 1532 2041 et
1552 1999 1598 2040 in

83 2074 279 2115 omnibus
309 2073 435 2115 rebus
466 2073 517 2114 de
548 2072 704 2126 quibus
735 2071 912 2112 decimae
943 2069 1109 2118 dantur,
1132 2067 1230 2109 dedi
1260 2067 1353 2108 Deo
1375 2070 1417 2107 et
1436 2065 1600 2107 Abbati

84 2140 122 2181 S.
144 2140 306 2181 Albani
326 2140 428 2194 quia
449 2140 501 2180 ad
524 2139 702 2180 eandem
729 2137 966 2178 Ecclesiam
987 2150 1055 2177 me
1081 2134 1373 2189 sepeliendum
1395 2133 1596 2187 disposui.

82 2206 233 2247 Esmid
274 2206 372 2247 dedi
412 2206 504 2247 Deo
546 2209 588 2246 et
629 2205 666 2246 S.
704 2203 854 2244 Mariae
895 2201 1119 2243 Beccensis
1159 2199 1370 2248 Abbatiae,
1411 2199 1597 2239 Monast'

84 2273 124 2314 S.
156 2272 371 2313 Pancratii
406 2272 458 2313 de
494 2272 638 2312 Lewes
669 2274 712 2311 et
742 2269 962 2310 monachis
994 2301 1002 2309 .
1034 2300 1042 2308 .
1075 2299 1083 2308 .
1116 2301 1123 2307 .
1157 2270 1198 2307 et
1229 2265 1328 2306 dedi
1357 2269 1513 2305 terram
1544 2265 1596 2305 de

83 2338 256 2380 Meltun
277 2338 387 2379 sicut
408 2351 479 2379 eos
500 2338 600 2378 inde
621 2336 811 2378 seissitos
833 2334 991 2383 inveni,
1008 2337 1050 2374 et
1071 2332 1366 2374 molendinum
1382 2331 1595 2384 quoddam

83 2405 198 2460 quod
217 2404 309 2458 ipse
330 2403 376 2444 in
396 2403 690 2444 vadimonium
721 2401 931 2442 habebam
954 2400 1016 2440 ita
1038 2399 1198 2441 eisdem
1223 2397 1412 2439 concessi
1433 2401 1475 2438 et
1497 2396 1595 2438 dedi

84 2472 194 2513 sicut
226 2484 323 2511 eum
353 2469 400 2510 in
420 2483 552 2510 manu
575 2482 670 2510 mea
689 2467 907 2508 habebam.
968 2466 1061 2507 Deo
1084 2468 1126 2505 et
1145 2463 1308 2504 Abbati
1329 2463 1368 2504 S.
1392 2462 1594 2504 Germani

83 2538 135 2579 de
172 2536 315 2578 Salebi
347 2535 535 2577 concessi
571 2539 613 2576 et
649 2534 747 2575 dedi
784 2534 1040 2574 Hamescote
1076 2536 1119 2572 et
1154 2530 1363 2584 piscinam
1398 2542 1493 2582 quae
1529 2528 1594 2568 illi

82 2603 248 2656 adjacet
278 2615 373 2655 quae
404 2604 581 2641 vocatur
609 2599 853 2654 Grasgerde.
913 2598 1005 2639 Deo
1034 2601 1076 2638 et
1103 2595 1304 2637 Ε66166166
1333 2595 1371 2635 S.
1395 2595 1437 2634 N
1440 2594 1594 2635 icholai

83 2683 177 2723 quae
194 2671 258 2709 est
279 2668 324 2708 in
342 2666 508 2709 Circebi
521 2665 708 2707 concessi
725 2668 767 2706 et
783 2664 880 2705 dedi
901 2663 1123 2705 ecclesiam
1144 2662 1195 2702 de
1217 2660 1474 2702 Newebolde
1497 2674 1594 2701 cum

81 2736 170 2776 t’ris
192 2738 235 2776 et
264 2734 440 2775 decimis
465 2732 565 2774 suis.
626 2731 827 2772 Ecclesiae
849 2731 887 2772 S.
919 2729 1141 2770 Trinitatis
1172 2727 1270 2768 dedi
1297 2727 1345 2767 iii
1371 2740 1593 2767 mansuras

82 2802 302 2842 domorum
323 2800 370 2841 in
399 2800 521 2840 Ebor.
545 2801 586 2840 et
607 2798 791 2839 decimas
823 2795 1175 2837 molendinorum.
1237 2793 1318 2833 Hae
1349 2797 1450 2834 sunt
1470 2796 1592 2834 terrae

81 2881 186 2921 quas
206 2866 373 2909 reddidi
399 2865 644 2907 hominibus
668 2862 994 2911 exhaereditatis,
1015 2861 1105 2911 viz„
1128 2860 1312 2901 Roberto
1335 2859 1388 2900 de
1410 2859 1592 2900 Cambos

80 2937 215 2974 totam
244 2937 400 2974 terram
430 2945 552 2973 suam
582 2934 625 2972 et
659 2929 897 2971 haeredibus
933 2928 1020 2969 suis
1053 2941 1100 2968 eo
1136 2931 1281 2967 tenore
1315 2929 1365 2966 ut
1398 2926 1500 2966 Rob.
1539 2926 1590 2966 de

83 2999 263 3039 Cambos
278 3003 320 3039 et
339 2998 528 3039 haeredes
549 2998 616 3038 sui
636 3000 809 3037 teneant
830 2995 948 3035 illam
971 2995 1021 3035 de
1043 2993 1226 3034 Roberto
1249 2993 1300 3032 de
1316 2992 1495 3032 Witvile
1512 3008 1519 3042 3
1551 2996 1593 3032 et
