<?xml version="1.0" encoding="UTF-8"?>
<!DOCTYPE html PUBLIC "-//W3C//DTD XHTML 1.0 Transitional//EN"
    "http://www.w3.org/TR/xhtml1/DTD/xhtml1-transitional.dtd">
<html xmlns="http://www.w3.org/1999/xhtml" xml:lang="en" lang="en">
 <head>
  <title>
</title>
<meta http-equiv="Content-Type" content="text/html;charset=utf-8" />
  <meta name='ocr-system' content='tesseract 3.04.00' />
  <meta name='ocr-capabilities' content='ocr_page ocr_carea ocr_par ocr_line ocrx_word'/>
</head>
<body>
  <div class='ocr_page' id='page_1' title='image "./cartulariumabbat02whit_0310.png"; bbox 0 0 1889 3221; ppageno 0'>
   <div class='ocr_carea' id='block_1_1' title="bbox 244 343 1502 385">
    <p class='ocr_par' dir='ltr' id='par_1_1' title="bbox 244 343 1502 385">
     <span class='ocr_line' id='line_1_1' title="bbox 244 343 1502 385; baseline 0.003 -5"><span class='ocrx_word' id='word_1_1' title='bbox 244 343 325 380; x_wconf 84' lang='grc'>648</span> <span class='ocrx_word' id='word_1_2' title='bbox 487 351 845 385; x_wconf 83' lang='lat' dir='ltr'><strong>GARTULARIUM</strong></span> <span class='ocrx_word' id='word_1_3' title='bbox 872 351 1139 384; x_wconf 89' lang='lat' dir='ltr'><strong>ABBATHIAE</strong></span> <span class='ocrx_word' id='word_1_4' title='bbox 1171 352 1235 384; x_wconf 90' lang='lat' dir='ltr'>DE</span> <span class='ocrx_word' id='word_1_5' title='bbox 1257 353 1502 385; x_wconf 87' lang='lat' dir='ltr'>WHITEBY.</span> 
     </span>
    </p>
   </div>
   <div class='ocr_carea' id='block_1_2' title="bbox 241 459 1761 3058">
    <p class='ocr_par' dir='ltr' id='par_1_2' title="bbox 241 459 1761 3058">
     <span class='ocr_line' id='line_1_2' title="bbox 242 459 1753 515; baseline 0 -15"><span class='ocrx_word' id='word_1_6' title='bbox 242 460 514 502; x_wconf 86' lang='lat' dir='ltr'>devotionem</span> <span class='ocrx_word' id='word_1_7' title='bbox 555 466 633 502; x_wconf 91' lang='lat' dir='ltr'>etc.</span> <span class='ocrx_word' id='word_1_8' title='bbox 725 461 835 502; x_wconf 81' lang='lat' dir='ltr'>Cum</span> <span class='ocrx_word' id='word_1_9' title='bbox 875 462 1021 515; x_wconf 87' lang='lat' dir='ltr'>itaque</span> <span class='ocrx_word' id='word_1_10' title='bbox 1061 461 1244 503; x_wconf 89' lang='lat' dir='ltr'>dilectus</span> <span class='ocrx_word' id='word_1_11' title='bbox 1285 462 1398 503; x_wconf 88' lang='lat' dir='ltr'>filius</span> <span class='ocrx_word' id='word_1_12' title='bbox 1439 461 1660 503; x_wconf 58' lang='lat' dir='ltr'>«lohannes</span> <span class='ocrx_word' id='word_1_13' title='bbox 1701 459 1753 500; x_wconf 88' lang='lat' dir='ltr'>de</span> 
     </span>
     <span class='ocr_line' id='line_1_3' title="bbox 241 526 1754 581; baseline 0 -15"><span class='ocrx_word' id='word_1_14' title='bbox 241 526 461 579; x_wconf 85' lang='lat' dir='ltr'>Wykham</span> <span class='ocrx_word' id='word_1_15' title='bbox 482 527 698 580; x_wconf 89' lang='lat' dir='ltr'>quandam</span> <span class='ocrx_word' id='word_1_16' title='bbox 715 527 923 581; x_wconf 88' lang='lat' dir='ltr'>capellam</span> <span class='ocrx_word' id='word_1_17' title='bbox 945 527 991 567; x_wconf 90' lang='lat' dir='ltr'>in</span> <span class='ocrx_word' id='word_1_18' title='bbox 1007 527 1112 568; x_wconf 85' lang='lat' dir='ltr'>villa</span> <span class='ocrx_word' id='word_1_19' title='bbox 1128 528 1180 568; x_wconf 91' lang='lat' dir='ltr'>de</span> <span class='ocrx_word' id='word_1_20' title='bbox 1196 528 1415 581; x_wconf 83' lang='lat' dir='ltr'>Wykham</span> <span class='ocrx_word' id='word_1_21' title='bbox 1432 528 1478 568; x_wconf 92' lang='lat' dir='ltr'>in</span> <span class='ocrx_word' id='word_1_22' title='bbox 1496 526 1754 581; x_wconf 83' lang='lat' dir='ltr'>Pykeringe-</span> 
     </span>
     <span class='ocr_line' id='line_1_4' title="bbox 241 591 1754 646; baseline -0.001 -14"><span class='ocrx_word' id='word_1_23' title='bbox 241 591 362 644; x_wconf 86' lang='lat' dir='ltr'>lythe</span> <span class='ocrx_word' id='word_1_24' title='bbox 394 592 540 641; x_wconf 81' lang='lat' dir='ltr'>erexit,</span> <span class='ocrx_word' id='word_1_25' title='bbox 571 592 796 646; x_wconf 80' lang='lat' dir='ltr'>ipsamque</span> <span class='ocrx_word' id='word_1_26' title='bbox 828 592 1071 646; x_wconf 76' lang='lat' dir='ltr'>sumptibus</span> <span class='ocrx_word' id='word_1_27' title='bbox 1103 593 1190 634; x_wconf 87' lang='lat' dir='ltr'>suis</span> <span class='ocrx_word' id='word_1_28' title='bbox 1223 593 1274 634; x_wconf 92' lang='lat' dir='ltr'>de</span> <span class='ocrx_word' id='word_1_29' title='bbox 1307 607 1417 634; x_wconf 89' lang='lat' dir='ltr'>novo</span> <span class='ocrx_word' id='word_1_30' title='bbox 1440 592 1679 634; x_wconf 80' lang='lat' dir='ltr'>construxit</span> <span class='ocrx_word' id='word_1_31' title='bbox 1708 591 1754 631; x_wconf 90' lang='lat' dir='ltr'>in</span> 
     </span>
     <span class='ocr_line' id='line_1_5' title="bbox 242 657 1754 712; baseline -0.001 -15"><span class='ocrx_word' id='word_1_32' title='bbox 242 657 399 698; x_wconf 78' lang='lat' dir='ltr'>honore</span> <span class='ocrx_word' id='word_1_33' title='bbox 430 658 475 698; x_wconf 88' lang='grc' dir='ltr'>Β.</span> <span class='ocrx_word' id='word_1_34' title='bbox 508 657 660 698; x_wconf 81' lang='lat' dir='ltr'>Mariae</span> <span class='ocrx_word' id='word_1_35' title='bbox 690 658 896 712; x_wconf 81' lang='lat' dir='ltr'>Virginis,</span> <span class='ocrx_word' id='word_1_36' title='bbox 928 663 971 698; x_wconf 88' lang='lat' dir='ltr'>et</span> <span class='ocrx_word' id='word_1_37' title='bbox 1003 658 1041 699; x_wconf 80' lang='lat' dir='ltr'>S.</span> <span class='ocrx_word' id='word_1_38' title='bbox 1065 659 1222 708; x_wconf 83' lang='lat' dir='ltr'>Elenae,</span> <span class='ocrx_word' id='word_1_39' title='bbox 1253 659 1299 698; x_wconf 86' lang='lat' dir='ltr'>in</span> <span class='ocrx_word' id='word_1_40' title='bbox 1329 659 1420 700; x_wconf 88' lang='lat' dir='ltr'>loco</span> <span class='ocrx_word' id='word_1_41' title='bbox 1453 659 1528 699; x_wconf 86' lang='lat' dir='ltr'>ubi</span> <span class='ocrx_word' id='word_1_42' title='bbox 1560 657 1754 711; x_wconf 72' lang='lat' dir='ltr'>quaedam</span> 
     </span>
     <span class='ocr_line' id='line_1_6' title="bbox 243 722 1756 777; baseline -0.001 -14"><span class='ocrx_word' id='word_1_43' title='bbox 243 722 407 776; x_wconf 87' lang='lat' dir='ltr'>capella</span> <span class='ocrx_word' id='word_1_44' title='bbox 430 726 674 764; x_wconf 87' lang='lat' dir='ltr'>constructa</span> <span class='ocrx_word' id='word_1_45' title='bbox 695 728 738 764; x_wconf 88' lang='lat' dir='ltr'>et</span> <span class='ocrx_word' id='word_1_46' title='bbox 758 723 929 764; x_wconf 84' lang='lat' dir='ltr'>ruinosa</span> <span class='ocrx_word' id='word_1_47' title='bbox 950 724 1067 777; x_wconf 87' lang='lat' dir='ltr'>prius</span> <span class='ocrx_word' id='word_1_48' title='bbox 1090 725 1340 764; x_wconf 87' lang='lat' dir='ltr'>constiterat</span> <span class='ocrx_word' id='word_1_49' title='bbox 1371 724 1542 773; x_wconf 81' lang='lat' dir='ltr'>situata,</span> <span class='ocrx_word' id='word_1_50' title='bbox 1564 736 1659 776; x_wconf 86' lang='grc'>(11130</span> <span class='ocrx_word' id='word_1_51' title='bbox 1680 735 1756 775; x_wconf 90' lang='lat' dir='ltr'>per</span> 
     </span>
     <span class='ocr_line' id='line_1_7' title="bbox 243 788 1756 843; baseline -0.001 -15"><span class='ocrx_word' id='word_1_52' title='bbox 243 792 413 842; x_wconf 83' lang='lat' dir='ltr'>tempus</span> <span class='ocrx_word' id='word_1_53' title='bbox 442 803 466 829; x_wconf 88' lang='lat' dir='ltr'>a</span> <span class='ocrx_word' id='word_1_54' title='bbox 491 803 575 842; x_wconf 90' lang='lat' dir='ltr'>quo</span> <span class='ocrx_word' id='word_1_55' title='bbox 606 803 692 830; x_wconf 88' lang='lat' dir='ltr'>non</span> <span class='ocrx_word' id='word_1_56' title='bbox 723 793 843 830; x_wconf 84' lang='lat' dir='ltr'>extat</span> <span class='ocrx_word' id='word_1_57' title='bbox 864 789 1067 830; x_wconf 85' lang='lat' dir='ltr'>memoria</span> <span class='ocrx_word' id='word_1_58' title='bbox 1098 789 1261 843; x_wconf 88' lang='lat' dir='ltr'>capella</span> <span class='ocrx_word' id='word_1_59' title='bbox 1287 790 1325 830; x_wconf 79' lang='lat' dir='ltr'>S.</span> <span class='ocrx_word' id='word_1_60' title='bbox 1349 790 1494 830; x_wconf 80' lang='lat' dir='ltr'>Elenae</span> <span class='ocrx_word' id='word_1_61' title='bbox 1526 788 1756 837; x_wconf 72' lang='lat' dir='ltr'>dicebatur,</span> 
     </span>
     <span class='ocr_line' id='line_1_8' title="bbox 244 853 1757 909; baseline -0.001 -15"><span class='ocrx_word' id='word_1_62' title='bbox 244 858 287 894; x_wconf 84' lang='lat' dir='ltr'>et</span> <span class='ocrx_word' id='word_1_63' title='bbox 322 854 434 895; x_wconf 77' lang='lat' dir='ltr'>infra</span> <span class='ocrx_word' id='word_1_64' title='bbox 468 855 715 909; x_wconf 79' lang='lat' dir='ltr'>parochiam</span> <span class='ocrx_word' id='word_1_65' title='bbox 753 856 851 896; x_wconf 91' lang='grc'>0001.</span> <span class='ocrx_word' id='word_1_66' title='bbox 889 856 940 896; x_wconf 91' lang='grc'>(10</span> <span class='ocrx_word' id='word_1_67' title='bbox 976 855 1197 909; x_wconf 84' lang='lat' dir='ltr'>Wykham</span> <span class='ocrx_word' id='word_1_68' title='bbox 1235 869 1365 909; x_wconf 84' lang='lat' dir='ltr'>quam</span> <span class='ocrx_word' id='word_1_69' title='bbox 1401 856 1575 909; x_wconf 88' lang='lat' dir='ltr'>quidam</span> <span class='ocrx_word' id='word_1_70' title='bbox 1610 853 1757 894; x_wconf 86' lang='lat' dir='ltr'>dilecti</span> 
     </span>
     <span class='ocr_line' id='line_1_9' title="bbox 244 919 1756 973; baseline -0.001 -14"><span class='ocrx_word' id='word_1_71' title='bbox 244 919 367 960; x_wconf 88' lang='lat' dir='ltr'>nobis</span> <span class='ocrx_word' id='word_1_72' title='bbox 396 920 443 960; x_wconf 92' lang='lat' dir='ltr'>in</span> <span class='ocrx_word' id='word_1_73' title='bbox 476 920 660 970; x_wconf 88' lang='lat' dir='ltr'>Christo,</span> <span class='ocrx_word' id='word_1_74' title='bbox 684 921 894 962; x_wconf 82' lang='lat' dir='ltr'>Priorissa</span> <span class='ocrx_word' id='word_1_75' title='bbox 925 926 967 962; x_wconf 86' lang='lat' dir='ltr'>ct</span> <span class='ocrx_word' id='word_1_76' title='bbox 1000 921 1130 962; x_wconf 86' lang='lat' dir='ltr'>Conv.</span> <span class='ocrx_word' id='word_1_77' title='bbox 1163 921 1423 961; x_wconf 88' lang='lat' dir='ltr'>Monialium</span> <span class='ocrx_word' id='word_1_78' title='bbox 1458 920 1510 961; x_wconf 88' lang='lat' dir='ltr'>de</span> <span class='ocrx_word' id='word_1_79' title='bbox 1534 919 1756 973; x_wconf 86' lang='lat' dir='ltr'>Wykham</span> 
     </span>
     <span class='ocr_line' id='line_1_10' title="bbox 243 985 1758 1041; baseline -0.001 -15"><span class='ocrx_word' id='word_1_80' title='bbox 243 986 291 1026; x_wconf 87' lang='lat' dir='ltr'>in</span> <span class='ocrx_word' id='word_1_81' title='bbox 310 986 502 1039; x_wconf 88' lang='lat' dir='ltr'>proprios</span> <span class='ocrx_word' id='word_1_82' title='bbox 518 1000 622 1027; x_wconf 88' lang='lat' dir='ltr'>usus</span> <span class='ocrx_word' id='word_1_83' title='bbox 642 987 936 1036; x_wconf 88' lang='lat' dir='ltr'>obtinuerunt,</span> <span class='ocrx_word' id='word_1_84' title='bbox 952 1001 1001 1028; x_wconf 87' lang='lat' dir='ltr'>ac</span> <span class='ocrx_word' id='word_1_85' title='bbox 1016 987 1131 1027; x_wconf 86' lang='lat' dir='ltr'>idem</span> <span class='ocrx_word' id='word_1_86' title='bbox 1148 988 1177 1028; x_wconf 81' lang='lat' dir='ltr'>J</span> <span class='ocrx_word' id='word_1_87' title='bbox 1181 988 1245 1028; x_wconf 90' lang='lat' dir='ltr'>oh.</span> <span class='ocrx_word' id='word_1_88' title='bbox 1268 987 1320 1028; x_wconf 91' lang='lat' dir='ltr'>de</span> <span class='ocrx_word' id='word_1_89' title='bbox 1335 987 1567 1041; x_wconf 80' lang='lat' dir='ltr'>Wykham,</span> <span class='ocrx_word' id='word_1_90' title='bbox 1583 985 1758 1026; x_wconf 89' lang='lat' dir='ltr'>licentia</span> 
     </span>
     <span class='ocr_line' id='line_1_11' title="bbox 245 1050 1758 1106; baseline -0.001 -14"><span class='ocrx_word' id='word_1_91' title='bbox 245 1056 288 1093; x_wconf 86' lang='lat' dir='ltr'>et</span> <span class='ocrx_word' id='word_1_92' title='bbox 318 1065 496 1093; x_wconf 85' lang='lat' dir='ltr'>assensu</span> <span class='ocrx_word' id='word_1_93' title='bbox 526 1052 652 1106; x_wconf 83' lang='lat' dir='ltr'>Regis</span> <span class='ocrx_word' id='word_1_94' title='bbox 685 1056 728 1093; x_wconf 87' lang='lat' dir='ltr'>et</span> <span class='ocrx_word' id='word_1_95' title='bbox 758 1052 939 1093; x_wconf 89' lang='lat' dir='ltr'>aliorum</span> <span class='ocrx_word' id='word_1_96' title='bbox 969 1067 1152 1106; x_wconf 87' lang='lat' dir='ltr'>quorum</span> <span class='ocrx_word' id='word_1_97' title='bbox 1183 1053 1363 1094; x_wconf 85' lang='lat' dir='ltr'>interest</span> <span class='ocrx_word' id='word_1_98' title='bbox 1394 1050 1758 1099; x_wconf 70' lang='lat' dir='ltr'>concurrentibus,</span> 
     </span>
     <span class='ocr_line' id='line_1_12' title="bbox 247 1115 1757 1170; baseline -0.001 -13"><span class='ocrx_word' id='word_1_99' title='bbox 247 1117 454 1170; x_wconf 88' lang='lat' dir='ltr'>quasdam</span> <span class='ocrx_word' id='word_1_100' title='bbox 476 1117 575 1158; x_wconf 89' lang='lat' dir='ltr'>t&#39;ras</span> <span class='ocrx_word' id='word_1_101' title='bbox 597 1123 640 1159; x_wconf 83' lang='lat' dir='ltr'>et</span> <span class='ocrx_word' id='word_1_102' title='bbox 660 1121 907 1158; x_wconf 88' lang='lat' dir='ltr'>tenementa</span> <span class='ocrx_word' id='word_1_103' title='bbox 928 1118 981 1158; x_wconf 92' lang='lat' dir='ltr'>ad</span> <span class='ocrx_word' id='word_1_104' title='bbox 1002 1118 1191 1159; x_wconf 88' lang='lat' dir='ltr'>valorem</span> <span class='ocrx_word' id='word_1_105' title='bbox 1220 1119 1296 1158; x_wconf 79' lang='lat' dir='ltr'>xvi</span> <span class='ocrx_word' id='word_1_106' title='bbox 1325 1131 1563 1158; x_wconf 86' lang='lat' dir='ltr'>marcarum</span> <span class='ocrx_word' id='word_1_107' title='bbox 1593 1115 1757 1170; x_wconf 79' lang='lat' dir='ltr'>argenti</span> 
     </span>
     <span class='ocr_line' id='line_1_13' title="bbox 245 1181 1757 1238; baseline -0.001 -15"><span class='ocrx_word' id='word_1_108' title='bbox 245 1196 321 1236; x_wconf 86' lang='lat' dir='ltr'>per</span> <span class='ocrx_word' id='word_1_109' title='bbox 341 1197 514 1232; x_wconf 88' lang='lat' dir='ltr'>annum,</span> <span class='ocrx_word' id='word_1_110' title='bbox 536 1187 579 1224; x_wconf 89' lang='lat' dir='ltr'>et</span> <span class='ocrx_word' id='word_1_111' title='bbox 609 1183 806 1236; x_wconf 87' lang='lat' dir='ltr'>amplius,</span> <span class='ocrx_word' id='word_1_112' title='bbox 838 1183 889 1224; x_wconf 90' lang='grc'>(10</span> <span class='ocrx_word' id='word_1_113' title='bbox 911 1184 1036 1233; x_wconf 87' lang='lat' dir='ltr'>claro,</span> <span class='ocrx_word' id='word_1_114' title='bbox 1062 1198 1137 1238; x_wconf 86' lang='lat' dir='ltr'>per</span> <span class='ocrx_word' id='word_1_115' title='bbox 1167 1187 1387 1225; x_wconf 83' lang='lat' dir='ltr'>extentam</span> <span class='ocrx_word' id='word_1_116' title='bbox 1417 1196 1593 1224; x_wconf 82' lang='lat' dir='ltr'>assensu</span> <span class='ocrx_word' id='word_1_117' title='bbox 1624 1181 1757 1235; x_wconf 87' lang='lat' dir='ltr'>partis</span> 
     </span>
     <span class='ocr_line' id='line_1_14' title="bbox 245 1247 1757 1302; baseline -0.001 -14"><span class='ocrx_word' id='word_1_118' title='bbox 245 1248 472 1302; x_wconf 85' lang='lat' dir='ltr'>utriusque</span> <span class='ocrx_word' id='word_1_119' title='bbox 500 1249 670 1298; x_wconf 84' lang='lat' dir='ltr'>factam,</span> <span class='ocrx_word' id='word_1_120' title='bbox 692 1248 833 1289; x_wconf 88' lang='lat' dir='ltr'>deditl</span> <span class='ocrx_word' id='word_1_121' title='bbox 855 1253 898 1289; x_wconf 90' lang='lat' dir='ltr'>et</span> <span class='ocrx_word' id='word_1_122' title='bbox 923 1250 1133 1290; x_wconf 86' lang='lat' dir='ltr'>concessit</span> <span class='ocrx_word' id='word_1_123' title='bbox 1165 1250 1332 1290; x_wconf 87' lang='lat' dir='ltr'>dilectis</span> <span class='ocrx_word' id='word_1_124' title='bbox 1364 1250 1486 1290; x_wconf 90' lang='lat' dir='ltr'>nobis</span> <span class='ocrx_word' id='word_1_125' title='bbox 1507 1249 1551 1288; x_wconf 87' lang='lat' dir='ltr'>in</span> <span class='ocrx_word' id='word_1_126' title='bbox 1575 1247 1757 1295; x_wconf 87' lang='lat' dir='ltr'>Christo,</span> 
     </span>
     <span class='ocr_line' id='line_1_15' title="bbox 247 1314 1757 1368; baseline -0.001 -14"><span class='ocrx_word' id='word_1_127' title='bbox 247 1314 464 1355; x_wconf 84' lang='lat' dir='ltr'>Priorissae</span> <span class='ocrx_word' id='word_1_128' title='bbox 500 1319 544 1355; x_wconf 84' lang='lat' dir='ltr'>et</span> <span class='ocrx_word' id='word_1_129' title='bbox 580 1314 711 1355; x_wconf 85' lang='lat' dir='ltr'>Conv.</span> <span class='ocrx_word' id='word_1_130' title='bbox 747 1314 1007 1355; x_wconf 88' lang='lat' dir='ltr'>Monialium</span> <span class='ocrx_word' id='word_1_131' title='bbox 1037 1315 1089 1356; x_wconf 93' lang='lat' dir='ltr'>de</span> <span class='ocrx_word' id='word_1_132' title='bbox 1123 1315 1344 1368; x_wconf 87' lang='lat' dir='ltr'>Wykham</span> <span class='ocrx_word' id='word_1_133' title='bbox 1379 1314 1506 1368; x_wconf 78' lang='lat' dir='ltr'>praed.</span> <span class='ocrx_word' id='word_1_134' title='bbox 1538 1318 1581 1354; x_wconf 89' lang='lat' dir='ltr'>et</span> <span class='ocrx_word' id='word_1_135' title='bbox 1611 1326 1757 1354; x_wconf 88' lang='lat' dir='ltr'>eorum</span> 
     </span>
     <span class='ocr_line' id='line_1_16' title="bbox 247 1379 1759 1435; baseline -0.002 -14"><span class='ocrx_word' id='word_1_136' title='bbox 247 1380 562 1422; x_wconf 86' lang='lat' dir='ltr'>successoribus</span> <span class='ocrx_word' id='word_1_137' title='bbox 579 1380 632 1420; x_wconf 91' lang='lat' dir='ltr'>ad</span> <span class='ocrx_word' id='word_1_138' title='bbox 647 1380 929 1421; x_wconf 84' lang='lat' dir='ltr'>inveniendos</span> <span class='ocrx_word' id='word_1_139' title='bbox 948 1381 1054 1421; x_wconf 87' lang='lat' dir='ltr'>duos</span> <span class='ocrx_word' id='word_1_140' title='bbox 1073 1381 1324 1435; x_wconf 84' lang='lat' dir='ltr'>Capellanos</span> <span class='ocrx_word' id='word_1_141' title='bbox 1341 1385 1565 1435; x_wconf 88' lang='lat' dir='ltr'>perpetuos</span> <span class='ocrx_word' id='word_1_142' title='bbox 1582 1380 1628 1419; x_wconf 87' lang='lat' dir='ltr'>in</span> <span class='ocrx_word' id='word_1_143' title='bbox 1644 1379 1759 1419; x_wconf 88' lang='lat' dir='ltr'>dicta</span> 
     </span>
     <span class='ocr_line' id='line_1_17' title="bbox 247 1445 1758 1500; baseline -0.003 -12"><span class='ocrx_word' id='word_1_144' title='bbox 247 1446 411 1500; x_wconf 88' lang='lat' dir='ltr'>capella</span> <span class='ocrx_word' id='word_1_145' title='bbox 431 1446 477 1486; x_wconf 90' lang='lat' dir='ltr'>in</span> <span class='ocrx_word' id='word_1_146' title='bbox 498 1446 721 1500; x_wconf 83' lang='lat' dir='ltr'>Wykham</span> <span class='ocrx_word' id='word_1_147' title='bbox 746 1446 893 1487; x_wconf 87' lang='lat' dir='ltr'>divina</span> <span class='ocrx_word' id='word_1_148' title='bbox 915 1447 1198 1487; x_wconf 84' lang='lat' dir='ltr'>celebraturos</span> <span class='ocrx_word' id='word_1_149' title='bbox 1225 1448 1352 1500; x_wconf 82' lang='lat' dir='ltr'>juxta</span> <span class='ocrx_word' id='word_1_150' title='bbox 1383 1447 1565 1487; x_wconf 84' lang='lat' dir='ltr'>formam</span> <span class='ocrx_word' id='word_1_151' title='bbox 1593 1445 1758 1485; x_wconf 87' lang='lat' dir='ltr'>ordina-</span> 
     </span>
     <span class='ocr_line' id='line_1_18' title="bbox 247 1511 1761 1565; baseline -0.003 -11"><span class='ocrx_word' id='word_1_152' title='bbox 247 1514 391 1563; x_wconf 88' lang='lat' dir='ltr'>tionis,</span> <span class='ocrx_word' id='word_1_153' title='bbox 421 1513 576 1554; x_wconf 85' lang='lat' dir='ltr'>statuti</span> <span class='ocrx_word' id='word_1_154' title='bbox 607 1516 650 1554; x_wconf 88' lang='lat' dir='ltr'>et</span> <span class='ocrx_word' id='word_1_155' title='bbox 680 1512 843 1553; x_wconf 85' lang='lat' dir='ltr'>decreti</span> <span class='ocrx_word' id='word_1_156' title='bbox 877 1514 1015 1553; x_wconf 90' lang='lat' dir='ltr'>nostri</span> <span class='ocrx_word' id='word_1_157' title='bbox 1045 1513 1144 1554; x_wconf 91' lang='lat' dir='ltr'>inde</span> <span class='ocrx_word' id='word_1_158' title='bbox 1176 1513 1302 1554; x_wconf 88' lang='lat' dir='ltr'>editis</span> <span class='ocrx_word' id='word_1_159' title='bbox 1334 1516 1376 1553; x_wconf 86' lang='lat' dir='ltr'>et</span> <span class='ocrx_word' id='word_1_160' title='bbox 1407 1511 1656 1565; x_wconf 87' lang='lat' dir='ltr'>subscriptis</span> <span class='ocrx_word' id='word_1_161' title='bbox 1687 1524 1761 1564; x_wconf 91' lang='lat' dir='ltr'>per</span> 
     </span>
     <span class='ocr_line' id='line_1_19' title="bbox 247 1577 1758 1633; baseline -0.003 -12"><span class='ocrx_word' id='word_1_162' title='bbox 247 1583 407 1621; x_wconf 88' lang='lat' dir='ltr'>cartam</span> <span class='ocrx_word' id='word_1_163' title='bbox 421 1592 542 1619; x_wconf 87' lang='lat' dir='ltr'>suam</span> <span class='ocrx_word' id='word_1_164' title='bbox 555 1578 656 1619; x_wconf 89' lang='lat' dir='ltr'>inde</span> <span class='ocrx_word' id='word_1_165' title='bbox 670 1579 831 1620; x_wconf 88' lang='lat' dir='ltr'>eisdem</span> <span class='ocrx_word' id='word_1_166' title='bbox 839 1579 1064 1633; x_wconf 81' lang='lat' dir='ltr'>Religiosis</span> <span class='ocrx_word' id='word_1_167' title='bbox 1082 1580 1467 1632; x_wconf 80' lang='lat' dir='ltr'>confectan]‚quam</span> <span class='ocrx_word' id='word_1_168' title='bbox 1481 1577 1758 1631; x_wconf 80' lang='lat' dir='ltr'>inspeximus,</span> 
     </span>
     <span class='ocr_line' id='line_1_20' title="bbox 248 1642 1760 1698; baseline -0.003 -12"><span class='ocrx_word' id='word_1_169' title='bbox 248 1646 293 1685; x_wconf 87' lang='lat' dir='ltr'>in</span> <span class='ocrx_word' id='word_1_170' title='bbox 309 1645 399 1686; x_wconf 87' lang='grc'>11300</span> <span class='ocrx_word' id='word_1_171' title='bbox 415 1645 546 1686; x_wconf 84' lang='lat' dir='ltr'>verba</span> <span class='ocrx_word' id='word_1_172' title='bbox 559 1645 737 1685; x_wconf 74' lang='grc' dir='ltr'>ε--Η300</span> <span class='ocrx_word' id='word_1_173' title='bbox 760 1648 874 1685; x_wconf 87' lang='lat' dir='ltr'>carta</span> <span class='ocrx_word' id='word_1_174' title='bbox 895 1645 1120 1686; x_wconf 87' lang='lat' dir='ltr'>indentata</span> <span class='ocrx_word' id='word_1_175' title='bbox 1140 1648 1322 1685; x_wconf 81' lang='lat' dir='ltr'>testatur</span> <span class='ocrx_word' id='word_1_176' title='bbox 1338 1644 1451 1698; x_wconf 86' lang='lat' dir='ltr'>quod</span> <span class='ocrx_word' id='word_1_177' title='bbox 1467 1644 1495 1684; x_wconf 79' lang='lat' dir='ltr'>J</span> <span class='ocrx_word' id='word_1_178' title='bbox 1499 1643 1686 1684; x_wconf 84' lang='lat' dir='ltr'>ohannes</span> <span class='ocrx_word' id='word_1_179' title='bbox 1709 1642 1760 1682; x_wconf 91' lang='lat' dir='ltr'>de</span> 
     </span>
     <span class='ocr_line' id='line_1_21' title="bbox 248 1707 1759 1765; baseline -0.003 -14"><span class='ocrx_word' id='word_1_180' title='bbox 248 1711 481 1765; x_wconf 83' lang='lat' dir='ltr'>Wykham,</span> <span class='ocrx_word' id='word_1_181' title='bbox 516 1710 569 1752; x_wconf 93' lang='lat' dir='ltr'>de</span> <span class='ocrx_word' id='word_1_182' title='bbox 604 1710 780 1752; x_wconf 86' lang='lat' dir='ltr'>licentia</span> <span class='ocrx_word' id='word_1_183' title='bbox 816 1715 859 1752; x_wconf 92' lang='lat' dir='ltr'>et</span> <span class='ocrx_word' id='word_1_184' title='bbox 895 1725 1071 1752; x_wconf 86' lang='lat' dir='ltr'>assensu</span> <span class='ocrx_word' id='word_1_185' title='bbox 1106 1711 1388 1751; x_wconf 83' lang='lat' dir='ltr'>illustrissimi</span> <span class='ocrx_word' id='word_1_186' title='bbox 1424 1710 1511 1750; x_wconf 87' lang='lat' dir='ltr'>d&#39;ni</span> <span class='ocrx_word' id='word_1_187' title='bbox 1545 1709 1623 1758; x_wconf 88' lang='lat' dir='ltr'>sui,</span> <span class='ocrx_word' id='word_1_188' title='bbox 1658 1707 1759 1748; x_wconf 88' lang='lat' dir='ltr'>D&#39;ni</span> 
     </span>
     <span class='ocr_line' id='line_1_22' title="bbox 248 1776 1759 1830; baseline -0.002 -14"><span class='ocrx_word' id='word_1_189' title='bbox 248 1776 459 1825; x_wconf 85' lang='lat' dir='ltr'>Edwardi,</span> <span class='ocrx_word' id='word_1_190' title='bbox 495 1776 621 1830; x_wconf 81' lang='lat' dir='ltr'>Regis</span> <span class='ocrx_word' id='word_1_191' title='bbox 657 1776 839 1830; x_wconf 79' lang='lat' dir='ltr'>Angliae,</span> <span class='ocrx_word' id='word_1_192' title='bbox 875 1777 1096 1825; x_wconf 88' lang='lat' dir='ltr'>concessit,</span> <span class='ocrx_word' id='word_1_193' title='bbox 1137 1776 1256 1818; x_wconf 86' lang='lat' dir='ltr'>dedit</span> <span class='ocrx_word' id='word_1_194' title='bbox 1292 1780 1333 1816; x_wconf 88' lang='lat' dir='ltr'>et</span> <span class='ocrx_word' id='word_1_195' title='bbox 1369 1789 1486 1830; x_wconf 75' lang='lat' dir='ltr'>praes.</span> <span class='ocrx_word' id='word_1_196' title='bbox 1530 1779 1643 1816; x_wconf 86' lang='lat' dir='ltr'>carta</span> <span class='ocrx_word' id='word_1_197' title='bbox 1683 1787 1759 1815; x_wconf 85' lang='lat' dir='ltr'>sua</span> 
     </span>
     <span class='ocr_line' id='line_1_23' title="bbox 249 1840 1761 1891; baseline -0.001 -9"><span class='ocrx_word' id='word_1_198' title='bbox 249 1842 472 1882; x_wconf 86' lang='lat' dir='ltr'>indentata</span> <span class='ocrx_word' id='word_1_199' title='bbox 497 1842 767 1882; x_wconf 87' lang='lat' dir='ltr'>confirmavit</span> <span class='ocrx_word' id='word_1_200' title='bbox 798 1843 905 1882; x_wconf 83' lang='lat' dir='ltr'>d&#39;nae</span> <span class='ocrx_word' id='word_1_201' title='bbox 936 1842 1141 1891; x_wconf 83' lang='lat' dir='ltr'>Isabellae,</span> <span class='ocrx_word' id='word_1_202' title='bbox 1175 1842 1391 1883; x_wconf 79' lang='lat' dir='ltr'>Priorissae</span> <span class='ocrx_word' id='word_1_203' title='bbox 1421 1841 1679 1882; x_wconf 78' lang='lat' dir='ltr'>Monialium</span> <span class='ocrx_word' id='word_1_204' title='bbox 1710 1840 1761 1880; x_wconf 88' lang='lat' dir='ltr'>de</span> 
     </span>
     <span class='ocr_line' id='line_1_24' title="bbox 249 1906 1757 1961; baseline -0.001 -14"><span class='ocrx_word' id='word_1_205' title='bbox 249 1907 480 1960; x_wconf 86' lang='lat' dir='ltr'>Wykham,</span> <span class='ocrx_word' id='word_1_206' title='bbox 502 1911 545 1948; x_wconf 85' lang='lat' dir='ltr'>et</span> <span class='ocrx_word' id='word_1_207' title='bbox 567 1907 697 1948; x_wconf 84' lang='lat' dir='ltr'>Conv.</span> <span class='ocrx_word' id='word_1_208' title='bbox 722 1907 913 1961; x_wconf 83' lang='lat' dir='ltr'>ejusdem</span> <span class='ocrx_word' id='word_1_209' title='bbox 940 1907 1022 1948; x_wconf 88' lang='lat' dir='ltr'>loci</span> <span class='ocrx_word' id='word_1_210' title='bbox 1044 1912 1086 1948; x_wconf 84' lang='lat' dir='ltr'>et</span> <span class='ocrx_word' id='word_1_211' title='bbox 1107 1908 1195 1948; x_wconf 81' lang='lat' dir='ltr'>suis</span> <span class='ocrx_word' id='word_1_212' title='bbox 1228 1907 1539 1948; x_wconf 88' lang='lat' dir='ltr'>successoribus</span> <span class='ocrx_word' id='word_1_213' title='bbox 1569 1906 1616 1946; x_wconf 91' lang='lat' dir='ltr'>in</span> <span class='ocrx_word' id='word_1_214' title='bbox 1645 1919 1757 1959; x_wconf 88' lang='lat' dir='ltr'>perp.</span> 
     </span>
     <span class='ocr_line' id='line_1_25' title="bbox 251 1970 1760 2026; baseline -0.001 -14"><span class='ocrx_word' id='word_1_215' title='bbox 251 1971 482 2012; x_wconf 88' lang='lat' dir='ltr'>duodecem</span> <span class='ocrx_word' id='word_1_216' title='bbox 513 1972 634 2021; x_wconf 78' lang='lat' dir='ltr'>tofta,</span> <span class='ocrx_word' id='word_1_217' title='bbox 655 1985 808 2012; x_wconf 80' lang='lat' dir='ltr'>novem</span> <span class='ocrx_word' id='word_1_218' title='bbox 830 1972 1019 2021; x_wconf 88' lang='lat' dir='ltr'>bovatas,</span> <span class='ocrx_word' id='word_1_219' title='bbox 1041 1972 1216 2026; x_wconf 81' lang='lat' dir='ltr'>triginta</span> <span class='ocrx_word' id='word_1_220' title='bbox 1238 1976 1279 2012; x_wconf 87' lang='lat' dir='ltr'>et</span> <span class='ocrx_word' id='word_1_221' title='bbox 1311 1977 1492 2025; x_wconf 88' lang='lat' dir='ltr'>quatuor</span> <span class='ocrx_word' id='word_1_222' title='bbox 1516 1984 1631 2011; x_wconf 85' lang='lat' dir='ltr'>acras</span> <span class='ocrx_word' id='word_1_223' title='bbox 1661 1970 1760 2019; x_wconf 83' lang='lat' dir='ltr'>t&#39;rae,</span> 
     </span>
     <span class='ocr_line' id='line_1_26' title="bbox 250 2036 1759 2090; baseline -0.001 -14"><span class='ocrx_word' id='word_1_224' title='bbox 250 2036 572 2090; x_wconf 85' lang='lat' dir='ltr'>quatuordecim</span> <span class='ocrx_word' id='word_1_225' title='bbox 588 2050 704 2077; x_wconf 88' lang='lat' dir='ltr'>acras</span> <span class='ocrx_word' id='word_1_226' title='bbox 725 2037 848 2090; x_wconf 87' lang='lat' dir='ltr'>prati,</span> <span class='ocrx_word' id='word_1_227' title='bbox 865 2041 908 2077; x_wconf 85' lang='lat' dir='ltr'>et</span> <span class='ocrx_word' id='word_1_228' title='bbox 923 2037 1013 2077; x_wconf 83' lang='lat' dir='ltr'>xvii</span> <span class='ocrx_word' id='word_1_229' title='bbox 1030 2037 1230 2078; x_wconf 82' lang='lat' dir='ltr'>solidatas</span> <span class='ocrx_word' id='word_1_230' title='bbox 1248 2040 1290 2078; x_wconf 89' lang='lat' dir='ltr'>et</span> <span class='ocrx_word' id='word_1_231' title='bbox 1306 2040 1390 2078; x_wconf 89' lang='lat' dir='ltr'>tres</span> <span class='ocrx_word' id='word_1_232' title='bbox 1407 2036 1646 2077; x_wconf 85' lang='lat' dir='ltr'>denariatas</span> <span class='ocrx_word' id='word_1_233' title='bbox 1666 2036 1759 2076; x_wconf 90' lang='lat' dir='ltr'>red-</span> 
     </span>
     <span class='ocr_line' id='line_1_27' title="bbox 252 2101 1759 2156; baseline 0 -14"><span class='ocrx_word' id='word_1_234' title='bbox 252 2103 378 2151; x_wconf 87' lang='lat' dir='ltr'>ditus,</span> <span class='ocrx_word' id='word_1_235' title='bbox 401 2116 498 2143; x_wconf 88' lang='lat' dir='ltr'>cum</span> <span class='ocrx_word' id='word_1_236' title='bbox 523 2106 628 2156; x_wconf 84' lang='lat' dir='ltr'>pert.</span> <span class='ocrx_word' id='word_1_237' title='bbox 651 2102 739 2143; x_wconf 85' lang='lat' dir='ltr'>suis</span> <span class='ocrx_word' id='word_1_238' title='bbox 766 2103 813 2142; x_wconf 89' lang='lat' dir='ltr'>in</span> <span class='ocrx_word' id='word_1_239' title='bbox 834 2102 1064 2156; x_wconf 84' lang='lat' dir='ltr'>Wykham,</span> <span class='ocrx_word' id='word_1_240' title='bbox 1086 2103 1275 2143; x_wconf 85' lang='lat' dir='ltr'>Rostona</span> <span class='ocrx_word' id='word_1_241' title='bbox 1306 2106 1348 2143; x_wconf 85' lang='lat' dir='ltr'>et</span> <span class='ocrx_word' id='word_1_242' title='bbox 1378 2102 1552 2142; x_wconf 85' lang='lat' dir='ltr'>Marton</span> <span class='ocrx_word' id='word_1_243' title='bbox 1567 2101 1759 2142; x_wconf 88' lang='lat' dir='ltr'>:—videl.</span> 
     </span>
     <span class='ocr_line' id='line_1_28' title="bbox 251 2167 1760 2221; baseline -0.001 -12"><span class='ocrx_word' id='word_1_244' title='bbox 251 2168 292 2209; x_wconf 85' lang='lat' dir='ltr'>vi</span> <span class='ocrx_word' id='word_1_245' title='bbox 315 2168 424 2209; x_wconf 84' lang='lat' dir='ltr'>tofta</span> <span class='ocrx_word' id='word_1_246' title='bbox 444 2167 491 2208; x_wconf 89' lang='lat' dir='ltr'>in</span> <span class='ocrx_word' id='word_1_247' title='bbox 510 2167 731 2221; x_wconf 84' lang='lat' dir='ltr'>Wykham</span> <span class='ocrx_word' id='word_1_248' title='bbox 753 2182 933 2221; x_wconf 88' lang='lat' dir='ltr'>quorum</span> <span class='ocrx_word' id='word_1_249' title='bbox 954 2182 1088 2209; x_wconf 89' lang='lat' dir='ltr'>unum</span> <span class='ocrx_word' id='word_1_250' title='bbox 1109 2168 1193 2209; x_wconf 86' lang='lat' dir='ltr'>fuit</span> <span class='ocrx_word' id='word_1_251' title='bbox 1220 2168 1325 2209; x_wconf 82' lang='lat' dir='ltr'>Adae</span> <span class='ocrx_word' id='word_1_252' title='bbox 1351 2168 1429 2207; x_wconf 88' lang='lat' dir='ltr'>filii</span> <span class='ocrx_word' id='word_1_253' title='bbox 1453 2167 1623 2208; x_wconf 86' lang='lat' dir='ltr'>Ricardi</span> <span class='ocrx_word' id='word_1_254' title='bbox 1636 2183 1645 2217; x_wconf 81' lang='lat'>3</span> <span class='ocrx_word' id='word_1_255' title='bbox 1677 2167 1760 2207; x_wconf 92' lang='lat' dir='ltr'>duo</span> 
     </span>
     <span class='ocr_line' id='line_1_29' title="bbox 250 2233 1760 2288; baseline -0.001 -14"><span class='ocrx_word' id='word_1_256' title='bbox 250 2248 349 2275; x_wconf 89' lang='lat' dir='ltr'>vero</span> <span class='ocrx_word' id='word_1_257' title='bbox 371 2247 465 2287; x_wconf 88' lang='grc'>(11130</span> <span class='ocrx_word' id='word_1_258' title='bbox 487 2234 662 2275; x_wconf 75' lang='lat' dir='ltr'>fuerunt</span> <span class='ocrx_word' id='word_1_259' title='bbox 682 2234 814 2274; x_wconf 89' lang='lat' dir='ltr'>Alani</span> <span class='ocrx_word' id='word_1_260' title='bbox 834 2234 1007 2283; x_wconf 90' lang='lat' dir='ltr'>Laman‚</span> <span class='ocrx_word' id='word_1_261' title='bbox 1029 2239 1206 2288; x_wconf 78' lang='lat' dir='ltr'>excepto</span> <span class='ocrx_word' id='word_1_262' title='bbox 1235 2234 1380 2281; x_wconf 85' lang='lat' dir='ltr'>crofto,</span> <span class='ocrx_word' id='word_1_263' title='bbox 1411 2238 1453 2274; x_wconf 90' lang='lat' dir='ltr'>et</span> <span class='ocrx_word' id='word_1_264' title='bbox 1484 2247 1578 2286; x_wconf 87' lang='grc'>(11130</span> <span class='ocrx_word' id='word_1_265' title='bbox 1608 2233 1760 2273; x_wconf 89' lang='lat' dir='ltr'>Emma</span> 
     </span>
     <span class='ocr_line' id='line_1_30' title="bbox 251 2299 1760 2354; baseline -0.001 -15"><span class='ocrx_word' id='word_1_266' title='bbox 251 2299 431 2340; x_wconf 86' lang='lat' dir='ltr'>Attehal</span> <span class='ocrx_word' id='word_1_267' title='bbox 459 2302 501 2340; x_wconf 88' lang='lat' dir='ltr'>et</span> <span class='ocrx_word' id='word_1_268' title='bbox 525 2299 668 2340; x_wconf 87' lang='lat' dir='ltr'>Alicia</span> <span class='ocrx_word' id='word_1_269' title='bbox 697 2299 918 2354; x_wconf 88' lang='lat' dir='ltr'>Donnyby</span> <span class='ocrx_word' id='word_1_270' title='bbox 940 2304 1113 2351; x_wconf 75' lang='lat' dir='ltr'>tenent,</span> <span class='ocrx_word' id='word_1_271' title='bbox 1143 2300 1227 2340; x_wconf 89' lang='lat' dir='ltr'>duo</span> <span class='ocrx_word' id='word_1_272' title='bbox 1258 2301 1387 2341; x_wconf 86' lang='lat' dir='ltr'>etiam</span> <span class='ocrx_word' id='word_1_273' title='bbox 1420 2313 1514 2353; x_wconf 85' lang='lat' dir='ltr'>quae</span> <span class='ocrx_word' id='word_1_274' title='bbox 1545 2299 1760 2352; x_wconf 87' lang='lat' dir='ltr'>quondam</span> 
     </span>
     <span class='ocr_line' id='line_1_31' title="bbox 252 2364 1760 2419; baseline -0.001 -14"><span class='ocrx_word' id='word_1_275' title='bbox 252 2366 427 2406; x_wconf 78' lang='lat' dir='ltr'>fuerunt</span> <span class='ocrx_word' id='word_1_276' title='bbox 458 2364 619 2406; x_wconf 89' lang='lat' dir='ltr'>eisdem</span> <span class='ocrx_word' id='word_1_277' title='bbox 650 2365 927 2415; x_wconf 84' lang='lat' dir='ltr'>Monialibus‚</span> <span class='ocrx_word' id='word_1_278' title='bbox 957 2369 1134 2419; x_wconf 83' lang='lat' dir='ltr'>excepta</span> <span class='ocrx_word' id='word_1_279' title='bbox 1168 2369 1287 2419; x_wconf 89' lang='lat' dir='ltr'>parte</span> <span class='ocrx_word' id='word_1_280' title='bbox 1324 2365 1501 2418; x_wconf 84' lang='lat' dir='ltr'>aliquali</span> <span class='ocrx_word' id='word_1_281' title='bbox 1532 2364 1760 2405; x_wconf 87' lang='lat' dir='ltr'>eorundem</span> 
     </span>
     <span class='ocr_line' id='line_1_32' title="bbox 252 2430 1759 2484; baseline -0.001 -14"><span class='ocrx_word' id='word_1_282' title='bbox 252 2433 593 2471; x_wconf 88' lang='lat' dir='ltr'>tenementorum</span> <span class='ocrx_word' id='word_1_283' title='bbox 646 2434 774 2484; x_wconf 84' lang='lat' dir='ltr'>prout</span> <span class='ocrx_word' id='word_1_284' title='bbox 833 2444 909 2484; x_wconf 89' lang='lat' dir='ltr'>per</span> <span class='ocrx_word' id='word_1_285' title='bbox 959 2435 1092 2472; x_wconf 82' lang='lat' dir='ltr'>certas</span> <span class='ocrx_word' id='word_1_286' title='bbox 1142 2431 1307 2471; x_wconf 89' lang='lat' dir='ltr'>bundas</span> <span class='ocrx_word' id='word_1_287' title='bbox 1358 2430 1565 2470; x_wconf 85' lang='lat' dir='ltr'>dividitur</span> <span class='ocrx_word' id='word_1_288' title='bbox 1613 2443 1759 2470; x_wconf 83' lang='lat' dir='ltr'>versus</span> 
     </span>
     <span class='ocr_line' id='line_1_33' title="bbox 251 2494 1761 2550; baseline 0 -15"><span class='ocrx_word' id='word_1_289' title='bbox 251 2499 469 2545; x_wconf 85' lang='lat' dir='ltr'>austrum;</span> <span class='ocrx_word' id='word_1_290' title='bbox 499 2498 540 2536; x_wconf 81' lang='lat' dir='ltr'>et</span> <span class='ocrx_word' id='word_1_291' title='bbox 570 2508 707 2535; x_wconf 89' lang='lat' dir='ltr'>unum</span> <span class='ocrx_word' id='word_1_292' title='bbox 736 2496 895 2536; x_wconf 84' lang='lat' dir='ltr'>toftum</span> <span class='ocrx_word' id='word_1_293' title='bbox 931 2497 1045 2550; x_wconf 92' lang='lat' dir='ltr'>quod</span> <span class='ocrx_word' id='word_1_294' title='bbox 1072 2496 1287 2550; x_wconf 89' lang='lat' dir='ltr'>quondam</span> <span class='ocrx_word' id='word_1_295' title='bbox 1319 2496 1401 2536; x_wconf 80' lang='lat' dir='ltr'>fuit</span> <span class='ocrx_word' id='word_1_296' title='bbox 1431 2495 1556 2549; x_wconf 71' lang='lat' dir='ltr'>praed.</span> <span class='ocrx_word' id='word_1_297' title='bbox 1584 2494 1691 2535; x_wconf 85' lang='lat' dir='ltr'>Adae</span> <span class='ocrx_word' id='word_1_298' title='bbox 1718 2498 1761 2535; x_wconf 86' lang='lat' dir='ltr'>et</span> 
     </span>
     <span class='ocr_line' id='line_1_34' title="bbox 248 2560 1760 2615; baseline -0.001 -15"><span class='ocrx_word' id='word_1_299' title='bbox 248 2562 362 2614; x_wconf 82' lang='lat' dir='ltr'>jacet</span> <span class='ocrx_word' id='word_1_300' title='bbox 382 2561 436 2601; x_wconf 90' lang='lat' dir='ltr'>ad</span> <span class='ocrx_word' id='word_1_301' title='bbox 458 2560 624 2601; x_wconf 83' lang='lat' dir='ltr'>exitum</span> <span class='ocrx_word' id='word_1_302' title='bbox 646 2561 763 2601; x_wconf 63' lang='lat' dir='ltr'>villae</span> <span class='ocrx_word' id='word_1_303' title='bbox 784 2561 836 2602; x_wconf 94' lang='lat' dir='ltr'>de</span> <span class='ocrx_word' id='word_1_304' title='bbox 855 2562 1077 2615; x_wconf 86' lang='lat' dir='ltr'>Wykham</span> <span class='ocrx_word' id='word_1_305' title='bbox 1098 2575 1245 2603; x_wconf 88' lang='lat' dir='ltr'>versus</span> <span class='ocrx_word' id='word_1_306' title='bbox 1267 2561 1486 2610; x_wconf 86' lang='lat' dir='ltr'>orientem,</span> <span class='ocrx_word' id='word_1_307' title='bbox 1506 2573 1642 2600; x_wconf 88' lang='lat' dir='ltr'>unum</span> <span class='ocrx_word' id='word_1_308' title='bbox 1662 2573 1760 2600; x_wconf 87' lang='lat' dir='ltr'>vero</span> 
     </span>
     <span class='ocr_line' id='line_1_35' title="bbox 250 2626 1761 2681; baseline -0.001 -15"><span class='ocrx_word' id='word_1_309' title='bbox 250 2626 410 2666; x_wconf 84' lang='lat' dir='ltr'>toftum</span> <span class='ocrx_word' id='word_1_310' title='bbox 439 2626 486 2666; x_wconf 90' lang='lat' dir='ltr'>in</span> <span class='ocrx_word' id='word_1_311' title='bbox 515 2626 679 2667; x_wconf 85' lang='lat' dir='ltr'>Roston</span> <span class='ocrx_word' id='word_1_312' title='bbox 709 2641 807 2667; x_wconf 90' lang='lat' dir='ltr'>cum</span> <span class='ocrx_word' id='word_1_313' title='bbox 838 2628 972 2668; x_wconf 85' lang='lat' dir='ltr'>crofto</span> <span class='ocrx_word' id='word_1_314' title='bbox 994 2628 1107 2681; x_wconf 90' lang='lat' dir='ltr'>quod</span> <span class='ocrx_word' id='word_1_315' title='bbox 1129 2627 1243 2667; x_wconf 91' lang='lat' dir='ltr'>Will.</span> <span class='ocrx_word' id='word_1_316' title='bbox 1272 2627 1406 2680; x_wconf 82' lang='lat' dir='ltr'>Pyrly</span> <span class='ocrx_word' id='word_1_317' title='bbox 1426 2630 1544 2667; x_wconf 81' lang='lat' dir='ltr'>tenet</span> <span class='ocrx_word' id='word_1_318' title='bbox 1566 2626 1617 2666; x_wconf 89' lang='lat' dir='ltr'>de</span> <span class='ocrx_word' id='word_1_319' title='bbox 1638 2638 1697 2673; x_wconf 87' lang='grc' dir='ltr'>οο,</span> <span class='ocrx_word' id='word_1_320' title='bbox 1719 2629 1761 2665; x_wconf 89' lang='lat' dir='ltr'>et</span> 
     </span>
     <span class='ocr_line' id='line_1_36' title="bbox 252 2690 1760 2746; baseline -0.001 -16"><span class='ocrx_word' id='word_1_321' title='bbox 252 2691 410 2731; x_wconf 87' lang='lat' dir='ltr'>toftum</span> <span class='ocrx_word' id='word_1_322' title='bbox 431 2690 547 2744; x_wconf 89' lang='lat' dir='ltr'>quod</span> <span class='ocrx_word' id='word_1_323' title='bbox 576 2692 764 2746; x_wconf 84' lang='lat' dir='ltr'>Rogerus</span> <span class='ocrx_word' id='word_1_324' title='bbox 795 2691 911 2733; x_wconf 90' lang='lat' dir='ltr'>filius</span> <span class='ocrx_word' id='word_1_325' title='bbox 934 2692 1122 2733; x_wconf 81' lang='lat' dir='ltr'>Godardi</span> <span class='ocrx_word' id='word_1_326' title='bbox 1151 2695 1269 2733; x_wconf 87' lang='lat' dir='ltr'>tenet</span> <span class='ocrx_word' id='word_1_327' title='bbox 1290 2692 1337 2731; x_wconf 90' lang='grc'>111</span> <span class='ocrx_word' id='word_1_328' title='bbox 1358 2691 1528 2741; x_wconf 89' lang='lat' dir='ltr'>eadem;</span> <span class='ocrx_word' id='word_1_329' title='bbox 1557 2690 1641 2730; x_wconf 91' lang='lat' dir='ltr'>duo</span> <span class='ocrx_word' id='word_1_330' title='bbox 1661 2703 1760 2730; x_wconf 90' lang='lat' dir='ltr'>vero</span> 
     </span>
     <span class='ocr_line' id='line_1_37' title="bbox 254 2754 1761 2809; baseline -0.001 -14"><span class='ocrx_word' id='word_1_331' title='bbox 254 2769 347 2808; x_wconf 87' lang='lat' dir='ltr'>quae</span> <span class='ocrx_word' id='word_1_332' title='bbox 368 2756 583 2809; x_wconf 87' lang='lat' dir='ltr'>quondam</span> <span class='ocrx_word' id='word_1_333' title='bbox 603 2757 776 2798; x_wconf 88' lang='lat' dir='ltr'>fuerunt</span> <span class='ocrx_word' id='word_1_334' title='bbox 797 2758 900 2798; x_wconf 86' lang='lat' dir='ltr'>Rob.</span> <span class='ocrx_word' id='word_1_335' title='bbox 923 2758 1002 2798; x_wconf 91' lang='lat' dir='ltr'>filii</span> <span class='ocrx_word' id='word_1_336' title='bbox 1022 2758 1139 2799; x_wconf 90' lang='lat' dir='ltr'>Will.</span> <span class='ocrx_word' id='word_1_337' title='bbox 1163 2758 1215 2798; x_wconf 92' lang='lat' dir='ltr'>de</span> <span class='ocrx_word' id='word_1_338' title='bbox 1247 2758 1434 2806; x_wconf 84' lang='lat' dir='ltr'>Roston3</span> <span class='ocrx_word' id='word_1_339' title='bbox 1464 2760 1506 2796; x_wconf 85' lang='lat' dir='ltr'>et</span> <span class='ocrx_word' id='word_1_340' title='bbox 1537 2755 1620 2795; x_wconf 89' lang='lat' dir='ltr'>duo</span> <span class='ocrx_word' id='word_1_341' title='bbox 1650 2754 1761 2795; x_wconf 87' lang='lat' dir='ltr'>tofta</span> 
     </span>
     <span class='ocr_line' id='line_1_38' title="bbox 251 2819 1761 2876; baseline 0.001 -17"><span class='ocrx_word' id='word_1_342' title='bbox 251 2821 299 2860; x_wconf 93' lang='lat' dir='ltr'>in</span> <span class='ocrx_word' id='word_1_343' title='bbox 328 2820 528 2862; x_wconf 87' lang='lat' dir='ltr'>Martona</span> <span class='ocrx_word' id='word_1_344' title='bbox 559 2835 653 2875; x_wconf 86' lang='lat' dir='ltr'>quae</span> <span class='ocrx_word' id='word_1_345' title='bbox 683 2822 898 2876; x_wconf 84' lang='lat' dir='ltr'>quondam</span> <span class='ocrx_word' id='word_1_346' title='bbox 929 2823 1103 2864; x_wconf 88' lang='lat' dir='ltr'>fuerunt</span> <span class='ocrx_word' id='word_1_347' title='bbox 1133 2822 1303 2863; x_wconf 86' lang='lat' dir='ltr'>Ricardi</span> <span class='ocrx_word' id='word_1_348' title='bbox 1333 2822 1385 2862; x_wconf 90' lang='lat' dir='ltr'>de</span> <span class='ocrx_word' id='word_1_349' title='bbox 1418 2819 1687 2873; x_wconf 87' lang='lat' dir='ltr'>Kenerthorp</span> <span class='ocrx_word' id='word_1_350' title='bbox 1718 2825 1761 2861; x_wconf 86' lang='lat' dir='ltr'>et</span> 
     </span>
     <span class='ocr_line' id='line_1_39' title="bbox 247 2885 1759 2940; baseline 0.001 -16"><span class='ocrx_word' id='word_1_351' title='bbox 247 2885 391 2938; x_wconf 87' lang='lat' dir='ltr'>jacent</span> <span class='ocrx_word' id='word_1_352' title='bbox 420 2885 467 2924; x_wconf 87' lang='lat' dir='ltr'>in</span> <span class='ocrx_word' id='word_1_353' title='bbox 495 2891 615 2938; x_wconf 87' lang='lat' dir='ltr'>parte</span> <span class='ocrx_word' id='word_1_354' title='bbox 646 2887 806 2928; x_wconf 88' lang='lat' dir='ltr'>boreali</span> <span class='ocrx_word' id='word_1_355' title='bbox 827 2887 941 2928; x_wconf 86' lang='lat' dir='ltr'>villae</span> <span class='ocrx_word' id='word_1_356' title='bbox 972 2888 1187 2940; x_wconf 84' lang='lat' dir='ltr'>ejusdem3</span> <span class='ocrx_word' id='word_1_357' title='bbox 1218 2891 1260 2928; x_wconf 89' lang='lat' dir='ltr'>et</span> <span class='ocrx_word' id='word_1_358' title='bbox 1290 2886 1418 2927; x_wconf 88' lang='lat' dir='ltr'>etiam</span> <span class='ocrx_word' id='word_1_359' title='bbox 1450 2885 1553 2925; x_wconf 87' lang='lat' dir='ltr'>duas</span> <span class='ocrx_word' id='word_1_360' title='bbox 1584 2885 1759 2925; x_wconf 88' lang='lat' dir='ltr'>bovatas</span> 
     </span>
     <span class='ocr_line' id='line_1_40' title="bbox 253 2949 1757 3005; baseline 0 -15"><span class='ocrx_word' id='word_1_361' title='bbox 253 2950 341 2990; x_wconf 83' lang='lat' dir='ltr'>t&#39;rae</span> <span class='ocrx_word' id='word_1_362' title='bbox 371 2949 658 3003; x_wconf 12' lang='lat' dir='ltr'>inssWykham</span> <span class='ocrx_word' id='word_1_363' title='bbox 689 2955 732 2992; x_wconf 84' lang='lat' dir='ltr'>et</span> <span class='ocrx_word' id='word_1_364' title='bbox 763 2952 924 2993; x_wconf 84' lang='lat' dir='ltr'>Roston</span> <span class='ocrx_word' id='word_1_365' title='bbox 956 2966 1051 3005; x_wconf 82' lang='lat' dir='ltr'>quae</span> <span class='ocrx_word' id='word_1_366' title='bbox 1082 2952 1297 3005; x_wconf 87' lang='lat' dir='ltr'>quondam</span> <span class='ocrx_word' id='word_1_367' title='bbox 1318 2951 1493 2991; x_wconf 86' lang='lat' dir='ltr'>fuerunt</span> <span class='ocrx_word' id='word_1_368' title='bbox 1513 2950 1686 2991; x_wconf 87' lang='lat' dir='ltr'>Roberti</span> <span class='ocrx_word' id='word_1_369' title='bbox 1708 2950 1757 2990; x_wconf 88' lang='lat' dir='ltr'>de</span> 
     </span>
     <span class='ocr_line' id='line_1_41' title="bbox 887 3024 1096 3058; baseline 0.005 -1"><span class='ocrx_word' id='word_1_370' title='bbox 887 3024 899 3045; x_wconf 85' lang='lat'>¹</span> <span class='ocrx_word' id='word_1_371' title='bbox 925 3025 1096 3058; x_wconf 75' lang='lat' dir='ltr'>dederunt.</span> 
     </span>
    </p>
   </div>
  </div>
 </body>
</html>
