1889 3221
223 391 304 429 472
466 396 829 431 CARTULARIUM
855 395 1125 427 ABBATHIAE
1152 395 1216 426 DE
1241 393 1487 426 WHITEBY.

825 612 1134 654 DXXXVIII.

284 732 630 774 Memorandum1
651 731 766 786 quod
787 730 1000 772 ordinatio
1021 735 1126 771 tunc
1141 728 1464 783 Archiepiscopi
1489 728 1611 768 Ebor.
1631 727 1744 768 facta

226 800 310 840 fuit
349 800 402 840 de
443 799 633 847 diversis,
671 801 719 838 ut
761 800 881 850 patet
920 810 995 850 per
1036 796 1244 850 scriptum
1280 795 1441 836 factum
1484 793 1562 834 sub
1604 792 1742 847 sigillo

228 866 420 919 ejusdem
441 864 642 918 Archiep.
664 863 710 904 in
732 862 1020 904 Thesaurario.

469 1069 727 1111 DXXXIX.
760 1068 1026 1109 CoMPosmo
1046 1079 1103 1108 DE
1125 1068 1507 1108 BRIDELYNGTONA.

290 1194 410 1248 (135)
444 1194 572 1234 Anno
604 1193 675 1234 Gr.
707 1192 935 1233 millesimo
967 1192 1259 1233 ducentesimo
1291 1192 1552 1247 sexagesimo
1584 1196 1746 1245 quarto,

233 1262 286 1302 ad
316 1261 343 1301 f.
367 1260 405 1301 S.
429 1260 545 1301 Petri
567 1259 619 1300 ad
642 1259 838 1307 Vincula,
861 1259 974 1299 facta
995 1263 1059 1299 est
1081 1258 1171 1299 haec
1193 1259 1418 1299 conventio
1449 1259 1562 1299 inter
1586 1258 1747 1298 D’nuni

232 1324 533 1373 Willelmunn,2
563 1325 673 1366 Abb.
706 1325 757 1365 de
793 1324 1012 1377 Whiteby,
1044 1328 1086 1364 et
1124 1324 1253 1365 Conv.
1287 1324 1417 1378 ejusd.
1449 1324 1544 1373 loci,
1575 1338 1627 1365 ex
1662 1338 1747 1365 una

233 1395 364 1445 parte,
411 1394 451 1431 et
497 1391 658 1431 D'nuni
704 1388 978 1438 Galfridu1n,3
1023 1390 1211 1430 Priorem
1257 1390 1308 1431 de
1354 1389 1661 1444 Bridlingtona,
1706 1395 1749 1431 et

236 1457 366 1499 Conv.
389 1457 519 1511 ejusd.
551 1457 644 1506 loci,
675 1470 727 1497 ex
760 1456 892 1497 altera
908 1455 1114 1505 :—videl.,
1135 1455 1249 1508 quod
1280 1456 1386 1496 dicti
1405 1456 1512 1497 Abb.
1545 1460 1588 1497 et
1617 1456 1748 1498 Conv,

236 1523 287 1564 de
318 1523 524 1576 Whiteby
555 1523 809 1563 dimiserunt
845 1522 900 1562 ad
934 1522 1101 1562 firmam
1139 1521 1250 1562 dicto
1288 1521 1424 1562 Priori
1460 1525 1502 1562 et
1534 1521 1664 1562 Conv.
1698 1522 1749 1562 de

237 1589 533 1643 Bridlingtona
554 1589 703 1643 garbas
724 1602 821 1629 suas
844 1602 949 1642 quas
972 1588 1130 1629 habent
1151 1588 1322 1628 nomine
1345 1588 1519 1629 decimae
1540 1588 1592 1629 de
1614 1588 1749 1629 d’nico

236 1656 288 1696 de
320 1655 526 1696 Staxtona
557 1660 599 1696 et
630 1654 886 1708 Boythorpe,
916 1668 992 1707 pro
1013 1654 1167 1705 viginti
1189 1653 1414 1707 quarteriis
1443 1654 1544 1694 boni
1565 1654 1681 1695 ordei
1709 1658 1751 1695 et

237 1720 452 1774 pacabilis‚
493 1720 679 1761 solvend.
716 1719 940 1760 annuatim
980 1719 1140 1760 eisdem
1179 1719 1341 1760 Abbati
1381 1724 1424 1760 et
1459 1719 1602 1768 Oonv„
1638 1720 1751 1773 apud

237 1786 514 1840 VVylardeby‚
535 1786 646 1826 inter
667 1785 775 1826 festa
797 1785 835 1826 S.
859 1785 1085 1825 Michaelis
1107 1789 1149 1825 et
1171 1785 1209 1826 S.
1233 1785 1413 1825 Martini
1434 1785 1479 1824 in
1500 1798 1632 1838 yeme.
1695 1785 1752 1825 Et

239 1853 276 1893 si
315 1852 508 1906 praedicti
544 1852 666 1892 Prior
702 1855 744 1892 et
787 1851 916 1892 Conv.
954 1865 978 1891 a
1015 1850 1226 1891 solutione
1263 1851 1367 1891 dicti
1408 1851 1535 1900 ordei,
1576 1851 1621 1891 in
1661 1856 1751 1892 toto

239 1918 309 1959 vel
339 1918 384 1958 in
420 1922 550 1971 parte,
578 1917 625 1957 in
660 1917 803 1970 aliquo
837 1916 1031 1965 termino,
1067 1916 1310 1965 defecerint,
1343 1916 1471 1957 liceat
1507 1917 1606 1957 eisd.
1643 1917 1750 1958 Abb.

241 1990 283 2026 et
320 1985 449 2026 Conv.
490 1984 638 2037 garbas
675 1996 771 2023 suas
813 1982 1153 2035 praenominatas,
1187 1983 1346 2035 absque
1387 1982 1477 2023 ulla
1517 1983 1753 2024 contradic-

241 2052 369 2100 tione,
409 2050 623 2104 percipere
659 2053 702 2089 et
738 2048 789 2089 de
824 2048 877 2088 iis
913 2061 988 2101 pro
1025 2061 1101 2088 sua
1142 2047 1364 2088 voluntate
1405 2048 1636 2101 disponere.
1698 2049 1754 2089 Et

241 2121 291 2157 ut
320 2116 403 2157 ista
425 2113 674 2156 conventio4
694 2114 807 2154 inter
836 2118 978 2166 partes
1009 2113 1144 2154 illaesa
1173 2114 1475 2167 inperpetuum
1496 2114 1753 2163 observetur,

242 2182 382 2237 sigilla
418 2180 712 2234 Capitulorum
749 2193 919 2220 suorum
961 2179 1061 2220 huic
1098 2193 1173 2221 scr.
1211 2180 1472 2234 cirograffato
1513 2180 1613 2221 hinc
1653 2180 1754 2220 inde

243 2251 541 2303 apposuerunt.

291 2414 303 2435 1
329 2414 413 2445 This
432 2412 698 2445 Memorandum
716 2412 852 2445 follows
866 2412 956 2444 close
976 2424 1069 2455 upon
1085 2412 1148 2444 the
1159 2412 1297 2444 charter
1314 2412 1362 2454 by
1374 2412 1482 2445 Henr.
1496 2412 1539 2444 de
1553 2413 1753 2455 Boithorpe,

244 2469 359 2502 which
373 2469 401 2500 is
418 2468 557 2511 printed
571 2467 660 2499 from
673 2468 716 2500 A.
729 2479 766 2499 as
781 2468 844 2500 No.
864 2469 939 2504 104,
955 2468 1024 2499 and
1041 2467 1167 2507 which,
1183 2478 1220 2499 as
1233 2467 1308 2500 will
1325 2468 1368 2499 be
1387 2478 1468 2499 seen
1483 2467 1574 2499 from
1591 2468 1651 2499 the
1669 2468 1755 2499 time

244 2528 281 2556 at
298 2523 414 2556 which
439 2523 500 2555 the
525 2522 602 2554 first
628 2522 770 2554 witness
796 2533 867 2554 was
885 2522 1005 2564 living,
1025 2525 1120 2554 must
1145 2522 1272 2565 belong
1288 2525 1325 2554 to
1343 2522 1405 2554 the
1421 2522 1528 2554 latter
1545 2525 1624 2564 part
1641 2523 1677 2554 of
1694 2523 1754 2554 the

243 2578 386 2611 twelfth
404 2580 560 2619 century.
611 2578 682 2609 But
699 2578 728 2609 it
741 2578 769 2609 is
782 2577 934 2619 perhaps
948 2577 1131 2609 uncertain
1145 2577 1301 2609 whether
1318 2577 1379 2609 the
1400 2580 1422 2594 ‘⁶
1435 2577 1520 2608 then
1535 2577 1756 2619 Archbishop

245 2633 281 2665 of
298 2633 398 2664 York
410 2631 429 2645 ’'
449 2632 576 2674 (Roger
588 2632 630 2663 de
647 2632 736 2663 Pont
748 2631 927 2674 l'Eveque‚
946 2633 1157 2671 1154-1181)
1177 2632 1206 2664 is
1224 2631 1284 2663 the
1298 2631 1518 2672 Archbishop
1531 2634 1648 2663 meant
1662 2632 1751 2665 here.

246 2686 423 2728 Probably
448 2697 493 2726 so,
513 2687 582 2718 and
608 2687 694 2718 then
723 2687 783 2718 the
810 2687 971 2728 question
1001 2686 1107 2718 arises
1135 2686 1293 2718 whether
1324 2686 1446 2725 either,
1474 2685 1544 2717 and.
1573 2686 1601 2717 if
1630 2686 1751 2725 either,

247 2742 371 2779 which,
391 2741 425 2772 of
442 2741 525 2773 Nos.
545 2742 600 2781 34,
619 2743 674 2781 44,
693 2742 749 2781 46,
769 2741 838 2773 and.
856 2743 911 2781 55,
926 2752 991 2773 can
1014 2741 1061 2783 by
1080 2752 1149 2783 any
1166 2741 1294 2773 chance
1313 2741 1354 2772 be
1379 2741 1441 2772 the
1461 2743 1479 2757 ‘⁴
1493 2740 1668 2773 ordinatio
1682 2741 1700 2756 ''
1718 2741 1754 2773 of

245 2798 317 2830 this
335 2796 612 2828 Memorandum.

293 2849 307 2871 ²
332 2850 488 2882 William
506 2850 549 2881 de
567 2850 768 2882 Briniston:
797 2851 845 2882 ob.
869 2852 967 2883 1265.

293 2904 307 2925 3
333 2904 492 2936 “Occurs
509 2904 543 2935 iu
566 2905 654 2936 1262
672 2905 741 2936 and
762 2903 1096 2944 129l.’'—(Burton,
1115 2905 1209 2937 Mon.
1233 2905 1349 2944 Ebor.)

293 2959 306 2980 4
332 2960 399 2991 For
423 2958 569 2990 another
588 2959 808 2990 “conventio
821 2958 839 2972 ’⁵
866 2970 904 2990 or
931 2962 950 2976 “
962 2959 1165 2999 compositio
1177 2958 1195 2972 ”
1221 2958 1380 2990 between
1404 2958 1466 2990 the
1491 2969 1584 2993 same
1609 2959 1746 3000 houses,

246 3027 303 3049 see
320 3014 385 3047 No.
405 3012 483 3052 273,
503 3012 571 3045 and
590 3013 643 3044 for
661 3024 704 3046 an
722 3013 844 3045 earlier
862 3024 926 3045 one
944 3013 1027 3053 still,
1048 3013 1113 3045 No.
1135 3012 1212 3048 374.
