1889 3221
281 326 361 363 688
542 333 901 367 CARTULARIUM
924 333 1192 366 ABBATHIAE
1219 334 1283 366 DE
1309 334 1555 367 WHITEBY.

338 443 426 484 Iste
447 443 695 485 Willelmus
727 443 778 484 de
811 444 957 497 Percy,
979 443 1191 485 Dominus
1214 444 1361 498 Percy,
1383 443 1509 484 duxit
1539 443 1585 484 in
1616 457 1792 485 uxorem

278 509 510 550 Dominam
531 509 728 550 Emmam
751 509 802 550 de
824 509 962 558 Porte,
984 509 1036 550 de
1058 509 1213 563 quibus
1235 509 1404 550 Alanus
1428 510 1563 563 Percy
1584 509 1733 551 senior.

336 575 501 616 Alanus
524 575 575 616 de
597 575 732 629 Percy
754 575 893 616 senior
914 575 1040 616 duxit
1070 575 1117 616 in
1147 590 1324 617 uxorem
1354 577 1552 616 Emmam
1584 571 1635 617 de
1664 575 1793 625 Gant‚

279 640 413 680 filiam
444 640 628 682 Gilberti
656 640 707 681 de
739 641 867 691 Gant,
899 641 1064 682 domini
1095 641 1146 682 de
1178 641 1455 695 Hunmanby,
1484 641 1563 681 filii
1594 641 1793 696 Hugonis

279 705 331 747 de
360 706 487 756 Ganu
519 706 698 748 Comitis
729 706 929 748 Cestriae.¹
992 708 1082 748 Iste
1115 707 1333 749 Gilbertus
1366 708 1416 749 de
1449 708 1564 749 Gant
1594 708 1794 749 fundavit

278 772 591 814 Monasterium
622 773 935 814 Canonicorum
958 773 1010 815 de
1032 774 1303 828 Bridlington
1323 774 1369 815 in
1390 774 1548 815 honore
1571 774 1609 816 S.
1632 774 1791 815 Mariae.

338 839 428 880 Iste
467 839 680 880 Dominus
720 839 889 880 Alanus
931 840 983 881 de
1024 840 1159 894 Percy
1200 841 1468 882 confirmavit
1504 840 1646 882 omnia
1682 841 1793 881 dona

277 906 411 960 patris
433 906 500 947 sui
521 911 563 947 et
584 906 730 947 matris
752 920 839 947 suae
859 907 1078 948 monachis
1100 908 1152 948 de
1177 907 1373 961 Whitby,
1404 912 1447 949 et
1477 907 1653 962 insuper
1677 907 1795 948 dedit

279 972 340 1013 eis
360 973 391 1012 ii
407 976 546 1027 partes
564 973 739 1014 decimae
759 973 878 1014 bladi
898 973 945 1013 in
966 974 1163 1015 omnibus
1181 974 1381 1015 dominiis
1404 973 1492 1015 suis
1508 974 1792 1027 undecunque

279 1038 527 1080 56111111611662
547 1039 617 1080 vel
639 1039 764 1080 cultae
797 1039 956 1080 fuerint
986 1045 1175 1094 tempore
1208 1054 1296 1090 suo,
1326 1044 1415 1081 tam
1445 1041 1491 1081 in
1514 1040 1793 1095 Clyvelandia

278 1119 408 1158 quam
428 1105 473 1145 in
495 1105 700 1146 comitatu
722 1105 911 1146 Lincoln.
936 1110 978 1147 et
999 1105 1239 1160 Lindesey.3
1301 1106 1389 1147 Iste
1410 1106 1578 1147 Alanus
1601 1120 1654 1147 ex
1676 1106 1792 1147 dicta

279 1170 432 1211 Emma
452 1171 689 1225 procreavit
709 1171 989 1212 VVillelmuni.

337 1236 580 1278 Willelmus
613 1238 745 1290 Percy
777 1237 989 1278 secundus
1021 1238 1289 1278 confirmavit
1321 1243 1454 1279 cartas
1487 1238 1620 1292 patris
1653 1239 1720 1279 sui
1751 1242 1793 1280 et

278 1303 346 1343 avi
368 1303 434 1344 sui
456 1303 506 1344 de
537 1306 627 1344 tota
649 1303 901 1344 fundatione
923 1304 1176 1345 Monasterii
1198 1304 1249 1345 de
1270 1305 1464 1358 Whitby.
1528 1304 1616 1345 Iste
1642 1304 1792 1358 genuit

279 1384 332 1411 ex
372 1370 504 1420 Alisa,
546 1374 737 1412 consorte
779 1383 868 1419 sua,
907 1370 1098 1411 Alanum
1134 1369 1498 1425 priniogenitum,4
1530 1371 1577 1411 in
1605 1370 1791 1424 Whitby

277 1436 504 1491 sepultum,
533 1436 792 1478 Ricardum5
825 1440 867 1476 et
897 1437 1142 1486 Robertum,
1176 1440 1218 1478 et
1249 1437 1361 1477 nihil
1392 1437 1474 1478 sibi
1503 1436 1683 1478 retinuit
1710 1436 1789 1490 [et]

278 1503 517 1544 haeredibus
548 1503 635 1545 suis
667 1503 719 1544 de
750 1502 1001 1544 fundatione
1033 1503 1083 1545 de
1104 1504 1289 1558 Whitby
1317 1507 1472 1558 praeter
1503 1503 1791 1545 defensionem

279 1569 542 1610 Monasterii.

337 1635 543 1677 Ricardus
577 1634 628 1676 de
661 1635 825 1690 Percy‚⁵
865 1635 1077 1677 Dominus
1115 1636 1166 1677 de
1199 1636 1345 1690 Percy,
1379 1636 1501 1676 duxit
1533 1636 1578 1676 in
1610 1649 1789 1676 uxorem

277 1735 449 1744 .....
596 1701 945 1743 Willihelmum.⁶

336 1768 583 1810 Willehnus
606 1768 770 1822 Percy6
798 1769 950 1809 tertius
976 1768 1175 1809 fundavit
1196 1769 1510 1810 Monasterium
1531 1768 1788 1809 Monialium

280 1835 332 1876 de
354 1834 551 1875 Handele
581 1834 626 1874 in
657 1834 815 1875 honore
837 1835 881 1874 B.
905 1835 1054 1875 Mariae
1075 1835 1132 1875 AO
1158 1838 1278 1875 1133.
1339 1835 1396 1876 Et
1428 1835 1560 1876 etiam
1592 1833 1792 1875 fundavit

280 1900 590 1941 Monasterium
623 1899 829 1940 Alborum
861 1900 1171 1940 Monachorum
1203 1900 1254 1941 de
1286 1900 1427 1954 Salley
1458 1901 1504 1940 in
1537 1901 1701 1941 Craven
1731 1899 1791 1939 Ao

283 1965 421 2008 1147.⁷
480 1966 537 2005 Et
572 1964 690 2005 dedit
725 1965 942 2005 monachis
981 1965 1032 2006 de
1062 1965 1271 2019 VVhiteby
1306 1965 1527 2006 ecclesiam
1561 1966 1612 2006 de
1646 1965 1792 2006 Semar

272 2033 401 2086 juxta
434 2031 652 2085 Scarbmg,
684 2033 725 2071 et
754 2030 902 2085 genuit
936 2030 1016 2071 eXS
1050 2030 1174 2071 Aliza
1206 2035 1399 2072 consorte
1430 2044 1506 2071 sua
1536 2030 1791 2080 Walterum‚

325 2139 337 2160 ¹
362 2142 381 2157 “
394 2142 524 2172 Gilbert
542 2141 584 2170 de
601 2141 699 2177 Gant,
718 2137 824 2180 being
849 2148 912 2170 son
937 2141 974 2170 to
992 2138 1164 2178 Baldwin‚
1183 2138 1266 2170 Earl
1292 2138 1328 2170 of
1352 2138 1532 2177 Flanders,
1554 2138 1624 2170 and
1640 2138 1788 2180 nephew

278 2198 316 2228 to
333 2198 493 2233 William‚
515 2193 620 2225 Duke
647 2193 683 2224 of
707 2192 741 2224 N
744 2193 915 2235 ormandy
934 2193 1066 2234 (Mauri,
1085 2193 1166 2226 wife
1183 2196 1221 2226 to
1238 2193 1298 2226 the
1317 2205 1411 2226 same
1430 2194 1544 2234 Duke,
1562 2193 1667 2237 being
1685 2193 1791 2226 sister

279 2253 317 2283 to
334 2250 415 2282 that
432 2250 601 2288 Baldwin)
615 2247 632 2262 ’³
652 2248 681 2280 is
700 2246 890 2291 Dugdale's
908 2251 1056 2281 account
1076 2248 1277 2291 (Bm-onage,
1297 2249 1317 2281 i.
1338 2251 1431 2289 400).

326 2303 339 2325 2
355 2306 544 2337 seminatas.
845 2302 858 2323 3
876 2304 1061 2345 Linclesley.
1346 2302 1360 2324 4
1371 2305 1633 2346 primoqenitem.

326 2359 340 2380 ⁵
357 2361 391 2392 A
408 2359 583 2392 reference
608 2361 646 2390 to
663 2358 876 2391 Generation
888 2368 937 2391 IV.
956 2359 992 2390 in
1010 2360 1071 2391 the
1090 2361 1190 2391 notes
1208 2359 1317 2392 above
1335 2360 1406 2391 will
1424 2360 1542 2392 suffice
1559 2362 1596 2392 to
1614 2360 1711 2392 show
1727 2359 1788 2392 the

279 2426 373 2448 error
390 2415 482 2448 here.
527 2414 681 2446 Richard
701 2414 756 2454 ((16
772 2414 1032 2456 Dunsleyyand
1057 2414 1190 2446 Robert
1207 2414 1294 2446 both
1312 2415 1438 2458 belong
1462 2418 1499 2447 to
1517 2414 1728 2447 Generation
1748 2424 1788 2446 11.

279 2472 322 2503 In
339 2471 483 2513 making
499 2471 560 2503 the
578 2470 721 2502 descent
746 2470 782 2501 of
806 2470 867 2501 the
885 2471 997 2512 Percy
1015 2470 1139 2512 family
1156 2470 1293 2512 depend
1318 2482 1412 2512 upon
1437 2471 1590 2503 Richard
1608 2471 1651 2503 de
1676 2472 1788 2513 Percy

278 2527 321 2559 de
339 2526 505 2568 Dunsley,
526 2526 587 2557 the
606 2525 725 2557 writer
741 2524 770 2556 is
789 2527 851 2556 not
869 2525 952 2566 only
969 2525 1094 2567 falling
1118 2525 1193 2557 into
1211 2525 1272 2557 the
1298 2536 1391 2557 same
1408 2536 1503 2557 error
1528 2536 1564 2557 as
1589 2526 1650 2558 the
1676 2526 1787 2558 scribe

279 2582 314 2613 in
341 2582 406 2613 No.
434 2582 501 2615 376
523 2583 565 2623 (p.
594 2582 673 2620 314,
699 2590 756 2612 see
774 2582 856 2611 note
882 2581 902 2611 2
920 2580 1046 2619 there),
1062 2580 1129 2612 but
1145 2580 1289 2622 making
1304 2580 1366 2612 the
1385 2580 1568 2612 confusion
1586 2581 1659 2612 still
1678 2591 1786 2613 worse

279 2636 500 2669 confounded
516 2635 564 2677 by
583 2634 745 2677 bringing
761 2634 823 2667 the
841 2634 917 2666 said
933 2634 1086 2666 Richard
1104 2635 1178 2667 into
1196 2634 1410 2667 Generation
1429 2644 1478 2667 IV.

327 2692 340 2712 6
358 2692 454 2724 Will.
474 2692 518 2723 de
535 2691 654 2733 Percy,
673 2691 715 2722 de
734 2690 920 2732 Dunseley‚
943 2690 1004 2722 the
1021 2691 1092 2722 real
1110 2690 1258 2722 founder
1275 2691 1310 2722 of
1333 2690 1504 2735 Handale‚
1523 2702 1595 2723 was
1613 2691 1786 2734 grandson

280 2747 315 2779 of
340 2747 494 2779 William
520 2757 583 2779 ove
607 2746 659 2793 les
683 2757 844 2788 gernuns,
864 2746 933 2777 and
956 2745 986 2777 is
1011 2745 1047 2776 in
1072 2746 1134 2777 the
1158 2746 1256 2777 third
1282 2746 1493 2778 Generation
1517 2746 1700 2785 therefore,
1722 2749 1785 2778 not

280 2803 341 2834 the
365 2802 456 2834 fifth.
500 2802 535 2833 It
552 2802 580 2834 is
597 2801 756 2833 needless
773 2804 810 2833 to
829 2812 891 2843 say
908 2801 1008 2832 there
1027 2811 1097 2832 was
1123 2811 1167 2832 no
1186 2800 1384 2833 Willelmus
1408 2801 1546 2833 tertius.
1598 2801 1670 2832 The
1695 2801 1784 2832 male

279 2858 349 2889 line
366 2857 471 2888 failed
489 2857 580 2888 after
597 2857 657 2888 the
675 2856 782 2888 death
800 2857 835 2888 of
852 2856 943 2888 Alan
961 2856 994 2887 in
1016 2855 1229 2888 Generation
1246 2865 1295 2887 1v.

327 2911 339 2932 7
360 2911 513 2942 William
531 2912 573 2942 de
593 2912 702 2952 Percy
719 2920 769 2947 IL,
791 2922 852 2942 son
867 2911 903 2941 of
919 2911 1010 2941 Alan
1029 2910 1088 2941 the
1105 2913 1211 2952 great,
1232 2910 1384 2942 founded
1403 2910 1527 2951 Sallay.

329 2966 341 2987 8
359 2967 481 3004 Maria,
502 2966 567 2997 but
585 2967 703 2997 scored
723 2966 844 3004 under,
864 2969 901 2997 to
919 2965 1071 2997 indicate
1089 2965 1149 2996 the
1167 2965 1327 3003 mistake‚
1349 2965 1471 2997 stands
1488 2965 1605 2996 before
1625 2965 1733 2997 Aliza.
