1889 3221
331 381 694 415 OARTULARIUM
719 381 989 414 ABBATHIAE
1015 382 1079 414 DE
1104 382 1352 416 WHITEBY.
1518 375 1600 414 647

405 490 476 532 AD
498 501 843 533 msTALLANDUM
863 502 1032 533 mcrUM
1053 491 1281 534 ABBATEM.

145 572 392 615 Willelmus
414 575 490 614 etc.
508 572 663 614 dilecto
685 572 785 623 filio,
803 572 986 614 Officiali
1001 573 1306 616 Archidiaconi
1324 573 1603 616 Clivelandiae

87 654 131 690 s.,
151 654 207 695 gr.
230 643 272 681 et
291 638 643 680 benedictionem.
697 639 807 689 Quia
828 643 1083 693 praesentata
1104 640 1227 682 nobis
1249 655 1324 695 per
1345 641 1534 682 Priorem
1560 644 1604 683 et

88 706 218 747 Gonv.
250 705 403 746 Mon’ii
438 705 490 747 de
521 705 727 759 Whiteby
759 705 969 747 electione
1005 720 1081 747 sua
1117 706 1169 748 de
1199 707 1328 749 fratre
1358 707 1521 748 Thoma
1552 708 1604 749 de

89 772 404 827 Haukesgarth,
435 772 738 813 commonacho
775 785 863 822 suo,
903 772 950 813 in
986 772 1203 814 Abbatem
1234 773 1426 828 ejusdem
1457 773 1605 824 electo,

89 838 310 888 celebrata,
332 852 461 892 quam
491 838 636 879 debito
667 839 851 879 examini
886 839 1158 893 subjecimus,
1181 840 1433 882 electionem
1463 840 1603 894 ipsam

87 905 289 947 canonice
317 905 519 946 duximus
550 905 898 955 confirmandam,
920 905 1059 947 eidem
1087 909 1296 960 tanquam
1326 907 1490 947 Abbati
1519 907 1605 948 loci

87 971 282 1025 praedicti
307 985 452 1013 curam
473 975 516 1012 et
546 972 784 1013 custodiam
805 972 1098 1026 spiritualium
1119 973 1226 1015 dicti
1247 973 1468 1015 Monast'ii
1489 987 1604 1014 com-

88 1037 321 1088 mittentes,
341 1039 462 1079 vobis
484 1038 737 1080 mandamns
758 1039 963 1093 quatinus
985 1039 1124 1080 eidem
1146 1039 1324 1081 stallum
1345 1040 1392 1080 in
1414 1040 1540 1081 choro
1562 1043 1606 1081 et

87 1104 230 1145 locum
268 1104 316 1145 in
358 1104 557 1159 Capitulo
599 1105 753 1155 debite,
794 1105 907 1146 sicut
947 1105 1162 1155 convenit,
1207 1105 1447 1160 assignetis,
1489 1107 1604 1160 quod

86 1174 276 1212 vestrum
307 1174 373 1213 est
402 1171 449 1211 in
478 1171 557 1212 hac
587 1176 707 1225 parte
729 1171 840 1213 circa
869 1171 1012 1226 ipsum
1033 1185 1086 1213 ex
1107 1172 1446 1226 promptitudine
1476 1172 1604 1213 officii

88 1241 358 1291 exequentes.
417 1238 582 1280 Valete.
642 1239 807 1279 Datum
829 1238 909 1289 die,
929 1238 1034 1288 1000,
1056 1242 1100 1280 et
1121 1252 1232 1280 anno
1252 1239 1372 1293 prius
1394 1238 1574 1293 scriptis.

120 1347 265 1401 (240b)
296 1348 388 1388 PRO
410 1358 622 1389 PENSIONE
644 1358 978 1389 consmTUENDA
998 1358 1187 1389 RATIONE
1208 1357 1590 1389 PRAESENTATIONIS

594 1412 788 1455 ABBAris
809 1425 866 1455 DE
886 1414 1112 1455 WHITEBY.

149 1495 393 1537 Willelmus
435 1501 511 1537 etc.
554 1495 721 1537 dilectis
763 1496 810 1536 in
850 1496 1021 1538 Christo
1051 1495 1164 1545 filiis,
1199 1495 1359 1537 Abbati
1396 1499 1439 1537 et
1474 1495 1605 1537 Conv.

91 1561 311 1602 Monast'ii
327 1562 378 1602 de
396 1562 615 1616 Whiteby,
631 1566 786 1603 nostrae
809 1561 1032 1611 dioceseos,
1050 1575 1093 1611 s.,
1107 1575 1165 1615 gr.
1189 1566 1232 1602 et
1251 1560 1604 1602 benedictionem.

92 1627 202 1668 Cum
242 1640 329 1676 vos,
369 1627 528 1677 Abbas,
569 1627 785 1668 occasione
822 1640 943 1668 novae
990 1627 1333 1681 praesentationis
1368 1631 1520 1668 vestrae
1560 1627 1605 1667 in

92 1694 315 1742 Abbatem,
364 1707 452 1733 una
501 1706 598 1734 cum
640 1693 867 1734 Conventu
907 1696 1061 1743 vestro,
1112 1693 1243 1734 alicui
1292 1707 1483 1747 personae
1532 1706 1607 1747 per

91 1759 317 1814 praelatum
352 1758 624 1800 nominandae
660 1759 918 1800 constituere
953 1759 1189 1800 teneamini
1224 1763 1383 1800 certam
1418 1772 1607 1800 annuam

90 1824 352 1879 pensionem,
373 1824 643 1866 devotionem
658 1827 845 1865 vestram
866 1837 1089 1865 monemus
1111 1829 1154 1866 et
1183 1824 1404 1865 hortamur
1423 1824 1470 1865 in
1495 1824 1607 1865 D’no

92 1891 295 1945 quatinus
330 1890 486 1932 dilecto
516 1890 677 1932 valetto
708 1895 751 1932 et
782 1891 1095 1945 consanguineo
1126 1894 1281 1940 nostro,
1302 1891 1523 1932 Willelmo
1555 1891 1608 1932 de

93 1957 229 2006 Cliffe,
260 1970 388 2010 quem
424 1957 478 1998 ad
512 1956 592 1998 hoc
629 1956 870 2011 specialiter
899 1956 1022 1998 vobis
1053 1956 1256 1998 duximus
1287 1956 1608 2005 nominandum,

92 2023 363 2065 constituatis
397 2026 439 2064 et
469 2037 544 2077 per
573 2027 735 2064 vestras
765 2026 961 2077 patentes
988 2023 1154 2064 litteras
1185 2023 1438 2072 concedatis,
1469 2023 1610 2076 quoad

92 2089 261 2139 vixerit,
283 2092 440 2131 certam
461 2103 649 2130 annuam
669 2089 916 2143 pensionem
941 2102 1046 2142 quae,
1078 2088 1314 2130 secundum
1333 2088 1444 2129 vires
1475 2087 1608 2129 facul-

93 2159 233 2197 tatum
265 2155 397 2197 vestri
433 2155 595 2204 Mon'ii‚
632 2158 675 2195 et
710 2154 861 2195 dantes
893 2153 1050 2203 deceat,
1081 2157 1124 2195 et
1153 2153 1378 2207 recipienti
1408 2153 1529 2194 utilis
1560 2166 1609 2193 ac

92 2221 307 2262 fructuosa
328 2221 497 2270 existat,
519 2221 726 2274 nobisque
748 2220 899 2261 merito
929 2224 1048 2274 grata
1079 2233 1169 2261 esse
1190 2220 1354 2269 debeat,
1373 2219 1531 2273 pariter
1561 2232 1610 2259 ac

95 2290 290 2339 accepta;
320 2286 464 2327 taliter
498 2286 544 2325 in
584 2286 664 2326 hac
703 2289 823 2339 parte
856 2298 931 2325 vos
967 2285 1186 2333 habentes,
1219 2284 1256 2325 si
1285 2284 1437 2338 placet,
1468 2287 1517 2324 ut
1558 2298 1607 2325 00

96 2351 414 2392 favorabiliores
434 2364 510 2391 vos
535 2351 729 2391 inveniat
750 2351 889 2392 dictus
910 2350 1169 2400 Willelmus,
1191 2350 1265 2403 qui
1295 2350 1417 2391 nobis
1448 2350 1610 2392 insidet

95 2417 230 2471 magis
252 2416 387 2465 corde,
404 2420 448 2456 et
463 2420 512 2456 ut
529 2416 649 2456 vobis
680 2429 727 2456 ac
749 2419 889 2457 vestro
911 2415 1174 2456 Monasterio
1195 2415 1241 2455 in
1260 2415 1414 2456 vestris
1436 2416 1609 2470 agendis

94 2482 228 2523 artius
259 2482 310 2523 de
332 2485 481 2522 caetero
512 2485 744 2522 teneamur.
804 2481 861 2522 Et
891 2495 967 2522 nos
999 2481 1049 2522 de
1080 2494 1128 2522 eo
1160 2481 1274 2535 quod
1303 2480 1350 2521 in
1379 2482 1610 2535 praemissis

96 2547 304 2588 duxeritis
326 2547 570 2588 faciendum
591 2547 713 2587 nobis
734 2546 845 2588 velle
865 2551 1057 2588 vestrum
1081 2546 1251 2601 plenius
1273 2545 1514 2588 rescribatis
1535 2561 1611 2601 per

95 2614 284 2654 latorem.
344 2612 507 2653 Valete.
568 2612 734 2652 Datum
765 2612 879 2666 apud
910 2612 1050 2666 Thorp
1080 2625 1210 2666 prope
1240 2612 1362 2653 Ebor.
1385 2612 1434 2653 iii
1461 2613 1609 2653 Nonas

96 2678 345 2721 Decembris
366 2678 414 2719 A.
439 2678 508 2719 Gr.
531 2678 789 2719 M⁰ccc⁰xxii0
810 2682 853 2719 et
874 2678 1030 2718 Pontis.
1053 2677 1188 2719 nostri
1209 2677 1371 2731 quinto,

540 2777 748 2818 DOIII.A.
781 2776 980 2831 (Melton,
1002 2776 1028 2817 f.
1054 2777 1167 2830 242.)

100 2853 347 2894 ORDINATIO
387 2862 575 2893 DUARUM
616 2861 932 2892 CANTARIARUM
972 2861 1019 2891 IN
1058 2850 1259 2892 CAPELLA
1297 2862 1354 2891 DE
1395 2851 1611 2892 WYKHAM

320 2928 566 2959 SUMrrrssus
588 2918 834 2958 PRIORISSAE
856 2927 908 2957 ET
930 2916 1063 2958 Conv.
1086 2928 1143 2957 DE
1163 2917 1390 2958 WYKHAM.

161 2998 385 3041 Universis
412 3000 449 3040 S.
477 2999 631 3040 Matris
662 2998 866 3040 Ecclesia>
893 2998 993 3040 filiis
1021 2999 1075 3040 ad
1102 3013 1220 3053 quos,
1248 3003 1338 3049 etc„
1367 2999 1613 3040 Willelmus

102 3064 154 3104 D.
178 3063 227 3105 G.
249 3065 370 3106 Ebor.
394 3065 645 3119 Archiep'us
664 3068 754 3114 etc„
776 3064 847 3106 sal.
870 3065 915 3105 in
936 3064 1046 3106 D’no
1068 3064 1381 3119 sempiternam.
1434 3064 1613 3105 Illorum
