1889 3221
247 359 330 395 542
499 364 860 397 CARTULARIUM
887 364 1157 396 ABBATHIAE
1182 363 1246 395 DE
1270 362 1518 395 WHITEBY.

242 474 375 527 possit
407 474 611 528 generari,
633 477 697 514 set
718 478 767 513 ut
788 473 926 514 omnis
950 473 1207 527 ambiguitas
1230 475 1272 513 et
1294 471 1579 513 controversia
1601 483 1694 523 quae
1715 469 1761 508 in

241 540 417 589 eisdem,
449 544 524 580 aut
560 554 705 581 earum
736 540 891 593 aliqua,
926 539 1082 580 morari
1117 538 1263 592 possit,
1299 538 1478 579 tollatur
1511 536 1685 591 penitus
1716 538 1759 575 et

241 607 557 656 submoveatur,
595 620 648 647 ex
693 606 970 646 habundante
1010 605 1146 659 gratia
1187 609 1332 645 nostra
1372 603 1643 645 concedimus
1683 614 1759 654 per

240 677 486 725 praesentes,
507 686 583 726 pro
607 672 741 720 nobis,
762 672 860 713 haer.
891 676 933 712 et
964 684 1073 712 succ.
1105 670 1274 719 nostris,
1305 670 1420 723 praef.
1452 682 1567 709 nunc
1596 667 1758 708 Abbati

241 742 284 779 et
303 738 446 787 Conv.,
463 741 506 779 et
527 751 636 779 succ.
654 738 741 778 suis
763 737 902 791 praed,
919 737 1062 777 omnia
1084 740 1126 778 et
1147 736 1326 790 singula,
1341 736 1570 783 libertates,
1584 733 1757 781 franch,

239 803 394 857 privil,
441 807 642 852 consuet,
683 803 816 852 alloo„
857 803 1129 857 quietantias,
1171 805 1214 843 et
1263 801 1559 841 immunitates
1600 799 1756 853 quibus

239 869 371 910 iidem
386 869 533 910 Abbas
551 873 594 910 et
612 870 755 918 Conv„
777 872 852 909 aut
872 869 1116 922 praedecess.
1139 868 1218 917 sui,
1239 867 1396 921 vigore,
1410 866 1547 907 colore
1564 879 1757 919 661111166-

239 939 364 975 textu
385 949 736 989 quorumcunque
762 934 1025 988 generalium
1047 947 1122 974 seu
1150 934 1424 974 obscurorum
1444 932 1668 973 verborum
1689 930 1759 971 vel

239 1001 519 1042 terminorum
543 1001 589 1041 in
612 1015 643 1041 c.
667 1004 710 1042 61
730 1000 813 1041 1111.
846 1000 985 1054 praed„
1008 1000 1078 1041 vel
1109 1014 1254 1040 earum
1285 999 1428 1052 aliqua
1449 1001 1758 1045 contentorum,

242 1070 342 1106 ante
373 1066 464 1106 haec
498 1069 691 1119 tempora
721 1066 789 1106 usi
820 1066 889 1106 vel
923 1065 1059 1119 gavisi
1095 1065 1281 1113 fuerunt,
1320 1063 1387 1105 vel
1421 1077 1567 1104 eorum
1602 1062 1757 1115 aliquis

240 1145 344 1172 usus
374 1131 444 1172 vel
474 1131 646 1185 gavisus
678 1131 761 1171 fuit
792 1144 962 1184 quoquo
993 1130 1132 1179 modo,
1163 1134 1206 1170 et
1240 1129 1351 1183 quod
1383 1129 1514 1169 iidem
1545 1128 1687 1168 Abbas
1716 1131 1760 1168 et

242 1197 373 1238 Conv.
395 1201 438 1238 et
460 1210 570 1238 succ.
593 1196 660 1237 sui
687 1196 880 1251 praedicti
906 1196 1068 1237 eisdem
1091 1196 1287 1236 omnibus
1311 1198 1353 1236 et
1375 1194 1554 1248 singulis
1585 1193 1757 1234 liberta-

240 1263 369 1312 tibus,
404 1262 666 1311 franchesiis,
700 1263 820 1316 priv„
856 1266 1055 1311 consuet„
1092 1261 1225 1310 alloc.,
1261 1260 1403 1314 quiet„
1435 1264 1476 1301 et
1509 1260 1756 1300 immunita-

240 1329 369 1378 tibus,
402 1329 564 1382 absque
595 1328 740 1381 aliqua
772 1328 948 1381 speciali
981 1327 1264 1368 declaratione
1299 1340 1373 1367 seu
1405 1325 1757 1379 interpretatione

241 1393 482 1442 earundem,
523 1394 574 1434 de
616 1397 766 1434 caetero
806 1393 943 1446 plene,
983 1393 1158 1447 integre,
1200 1396 1242 1433 et
1283 1393 1428 1446 quiete
1462 1390 1675 1445 gaudeant
1715 1394 1758 1431 et

240 1463 429 1508 utantur,
451 1463 494 1500 et
521 1459 624 1500 adeo
655 1459 780 1512 plene
812 1462 854 1499 et
881 1458 1044 1512 integre
1067 1472 1113 1498 ac
1137 1458 1172 1498 si
1194 1471 1270 1498 nos
1292 1471 1365 1498 seu
1388 1457 1542 1510 aliquis
1563 1457 1757 1510 progeni-

241 1529 382 1565 torum
411 1539 485 1566 seu
515 1525 873 1578 praedecessorum
903 1527 1145 1564 nostrorum
1176 1524 1408 1572 libertates,
1438 1522 1609 1571 franch„
1638 1521 1758 1575 priv„

242 1596 442 1641 consuet„
459 1591 590 1640 alloc,
619 1591 761 1644 quiet„
786 1596 828 1631 et
859 1591 973 1630 imm.
1006 1590 1082 1630 illa
1103 1589 1217 1643 przef.
1242 1602 1355 1629 nunc
1376 1588 1538 1628 Abbati
1561 1592 1603 1628 et
1625 1587 1756 1629 Conv.

242 1662 286 1698 et
316 1671 425 1698 succ.
460 1657 548 1698 suis
579 1657 808 1710 praedictis,
838 1656 909 1697 vel
941 1656 1069 1697 alicui
1100 1655 1274 1709 praedec.
1309 1668 1492 1703 suorum,
1524 1667 1599 1707 per
1628 1654 1757 1694 verba

241 1723 443 1777 specialia
478 1722 847 1771 concessissemus,
883 1721 953 1762 vel
988 1735 1037 1763 ea
1073 1721 1312 1775 specialiter
1347 1720 1617 1773 interpretati
1651 1719 1758 1759 fuis--

243 1802 412 1840 semus3
451 1802 618 1829 necnon
654 1788 758 1829 adeo
799 1788 937 1841 plene,
977 1788 1151 1840 integre,
1188 1789 1232 1827 et
1272 1785 1416 1839 quiete
1457 1788 1584 1838 prout
1624 1784 1756 1825 iidem

241 1854 388 1895 Abbas
410 1858 453 1894 et
475 1854 605 1895 ConV.
633 1858 675 1894 et
706 1853 881 1906 praedec.
915 1852 983 1893 sui
1013 1852 1139 1906 praed.
1168 1852 1450 1900 libertatibus,
1472 1850 1643 1899 franch„
1666 1855 1755 1899 616,

241 1919 329 1960 11116
351 1924 393 1960 61
414 1933 558 1960 60111111
579 1918 771 1972 quolibet
793 1918 859 1959 vel
881 1918 1024 1971 aliquo
1046 1917 1275 1958 eorundem
1298 1916 1435 1957 colore
1455 1915 1523 1955 vel
1544 1919 1755 1968 praetextu

242 1985 505 2039 generalium
531 1997 605 2024 seu
628 1984 902 2024 obscurorum
924 1983 1150 2023 verborum
1171 1982 1241 2023 vel
1271 1981 1551 2022 terminorum
1581 1981 1755 2034 praedic-

243 2056 385 2091 torum
425 2050 569 2103 aliquo
609 2053 800 2102 tempore
842 2048 1053 2101 praeterito
1095 2048 1162 2088 usi
1203 2048 1377 2088 fuerunt
1418 2051 1461 2087 et
1499 2046 1646 2100 gavisi,
1686 2047 1756 2087 vel

244 2130 389 2158 eorum
410 2115 564 2169 aliquis
586 2128 688 2155 usus
711 2118 774 2155 cst
796 2119 838 2155 et
859 2114 1041 2168 gavisus,
1067 2114 1226 2167 absque
1253 2112 1571 2166 impedimento,
1592 2114 1754 2166 pertur-

242 2183 424 2231 batione,
439 2181 736 2221 molestatione
758 2180 847 2220 sive
869 2179 1136 2233 impetitione
1159 2179 1303 2228 nostri,
1321 2177 1536 2218 haeredum
1556 2177 1624 2218 vel
1646 2191 1754 2218 succ.

243 2253 495 2296 nostrorum,
525 2246 691 2295 ι11161316,
723 2247 998 2286 Escaetorum
1030 2250 1105 2286 etc.
1130 2248 1370 2285 nostrorum
1393 2257 1754 2297 quorumcunque.

243 2314 300 2353 Et
335 2314 518 2366 insuper,
552 2312 604 2352 de
644 2312 780 2366 gratia
815 2314 959 2352 nostra
996 2310 1182 2364 speciali,
1223 2314 1265 2350 et
1306 2323 1357 2350 ex
1399 2322 1512 2349 mero
1553 2312 1670 2348 motu
1713 2313 1757 2348 et

244 2379 423 2420 scientia
457 2382 614 2427 nostra,
650 2378 937 2418 concessimus
971 2391 1046 2430 pro
1078 2376 1212 2425 nobis,
1246 2376 1343 2415 haer.
1377 2380 1419 2416 et
1449 2388 1558 2415 succ.
1590 2373 1756 2422 nostris,

245 2449 454 2497 quantum
484 2444 530 2483 in
560 2443 684 2483 nobis
717 2446 791 2491 est,
814 2442 974 2483 eisdem
1005 2454 1119 2482 nunc
1151 2440 1311 2481 Abbati
1343 2443 1385 2480 et
1417 2440 1546 2480 Conv.
1569 2442 1611 2479 et
1642 2451 1752 2478 succ.

246 2511 346 2558 suis,
387 2508 502 2562 quod
541 2507 626 2561 ipsi
662 2511 704 2548 et
740 2520 850 2547 succ.
890 2506 957 2547 sui
992 2507 1168 2559 imperp.
1205 2505 1392 2545 habeant
1427 2518 1501 2557 per
1537 2503 1754 2544 Ballivum

245 2588 371 2615 suum
392 2574 461 2614 vel
481 2586 556 2627 per
586 2572 773 2613 Ballivos
805 2586 902 2613 suos
935 2576 1104 2612 retorna
1136 2571 1326 2611 omnium
1355 2569 1560 2617 brevium,
1581 2567 1753 2607 manda-

245 2644 397 2687 torum,
419 2641 724 2691 praeceptorum
746 2641 788 2677 et
809 2636 1009 2677 billarum
1030 2639 1280 2684 nostrorum,
1294 2634 1511 2674 haeredum
1527 2637 1569 2673 et
1590 2645 1755 2673 succes-

246 2717 389 2744 sorum
420 2707 669 2751 nostrorum,
701 2715 748 2742 ac
770 2701 1096 2749 Vicecomitum,
1117 2701 1404 2748 Escaetorum,
1439 2699 1754 2745 Coronatorum,

247 2767 593 2816 Admirallorum,
617 2766 855 2807 Custodum
876 2766 1050 2814 March„
1072 2764 1347 2812 Ballivorum,
1365 2767 1407 2803 et
1428 2762 1605 2802 aliorum
1629 2763 1755 2802 mini-

247 2837 429 2873 strorum
461 2845 824 2884 quorumcunque,
850 2830 1194 2883 exequendorum
1225 2828 1335 2868 infra
1356 2828 1425 2868 vel
1456 2841 1582 2880 super
1612 2828 1755 2868 omnia

249 2902 291 2939 et
331 2896 497 2950 singula
539 2896 738 2944 dominia,
779 2896 889 2944 t’ras,
931 2900 1097 2943 tenem,
1138 2898 1181 2934 et
1220 2892 1343 2933 feoda
1388 2892 1599 2932 dictorum
1640 2906 1755 2932 nunc

249 2962 430 3003 Abbatis
465 2963 507 3001 et
537 2961 666 3001 Conv.
705 2964 746 3000 et
783 2974 891 3001 61166.
929 2973 1112 3008 6110111111,
1145 2963 1234 2999 tam
1269 2957 1322 2998 ad
1359 2961 1518 2998 sectam
1556 2962 1756 3005 nostram,
