1889 3221
230 330 311 368 812

229 447 397 487 Sartrino,
416 449 521 491 Hugo
539 449 593 489 de,
616 451 666 490 15,
687 451 742 490 20,
763 451 842 490 295,
861 451 941 482 442.

338 503 470 546 Symon
487 505 541 544 de,
563 505 642 546 273,
660 507 740 546 419,
762 507 842 546 431,
863 507 944 538 435.

338 559 422 592 Tho.
442 560 495 601 de,
515 563 592 594 559.

228 614 361 655 Sarum,
383 615 517 656 Comes,
537 617 624 656 Βία,
644 619 723 650 551.

447 671 555 711 Will.,
577 672 654 707 714.

229 725 366 767 Sealby,
385 726 541 759 Barthol.
562 727 614 768 de,
634 728 713 761 446.

339 781 434 821 Tho„
458 781 538 817 574.

228 836 444 877 Seamestun,
463 838 560 871 Will.
581 838 626 871 fil.
646 838 733 871 Rad.
753 838 805 878 de,
830 840 904 874 176.

228 891 385 932 Scarboh,
407 893 514 933 Petn,
532 895 586 926 68.

228 947 389 987 Scarbur,
442 948 672 993 Searburghe,
719 950 947 990 Scardeburc,

276 1002 504 1047 Scardeburg,
527 1005 642 1037 Adam
668 1005 714 1038 fil.
735 1006 867 1038 Aldani
893 1006 945 1046 de,

279 1059 354 1091 182.

230 1132 321 1138 —
339 1114 459 1157 Agnes
477 1115 531 1156 de,
553 1117 628 1149 123.

339 1169 418 1202 Joh.
441 1170 493 1211 de,
514 1172 590 1205 624.

339 1225 431 1258 Petr.
453 1226 504 1266 (16,
526 1227 603 1261 304.

339 1280 478 1314 Ricard.
522 1281 568 1315 fil.
614 1282 757 1315 Rieheri
798 1282 842 1315 de
885 1286 947 1323 (see

276 1336 413 1379 Filing),
437 1339 530 1384 135„

229 1391 433 1434 Schephird,
453 1393 560 1433 Will.,
582 1395 659 1427 332.

229 1447 448 1489 Sehilbotyll,
468 1448 559 1487 Joh.,
582 1449 661 1484 672.

228 1502 405 1544 Sciptona,
426 1503 521 1536 Will.
540 1504 593 1544 de,
614 1506 694 1540 372.

229 1557 373 1598 Sclater,
393 1558 492 1598 Tho„
511 1560 590 1592 619.

228 1613 405 1653 Scorham,
424 1614 523 1646 Gode
541 1614 593 1654 de,
617 1616 692 1648 124.

228 1668 386 1708 Scorour,
404 1668 490 1709 Ric„
511 1670 589 1702 555.

229 1724 320 1764 Seot,
340 1724 471 1764 Scotte,
494 1725 704 1767 Alexander,
728 1728 780 1762 17.

339 1780 512 1821 Andreas,
535 1782 587 1820 15,
614 1782 665 1821 19,
685 1783 740 1823 20,
761 1784 817 1822 21,
837 1783 918 1816 433.

341 1835 502 1875 Galfrid„
524 1838 580 1877 20,
601 1838 680 1870 511.

340 1890 433 1931 Joh.,
450 1893 529 1930 422,
552 1894 630 1933 501,
651 1895 730 1934 504,
750 1895 827 1928 624.

341 1946 478 1978 Nichol.
506 1946 551 1979 fil.
570 1947 671 1991 Greg.
700 1948 743 1980 de
769 1949 946 1989 Hakenes,

278 2002 358 2041 422,
378 2002 458 2041 446,
482 2002 560 2042 447,
580 2004 648 2036 453
662 2014 694 2036 η.

231 2075 324 2081 —
341 2056 467 2097 Simon,
490 2059 566 2091 124.

341 2112 447 2153 Will.,
467 2114 559 2154 444;
586 2116 665 2154 559,
688 2116 767 2147 562.

200 2162 210 2176 ⁰
230 2167 451 2208 Scoberscliff,
468 2169 554 2202 Rob.
575 2170 628 2211 de,
649 2172 726 2205 296.

230 2221 395 2264 Scriptor,
415 2223 564 2264 Albert„
586 2225 637 2260 75.

230 2277 426 2320 Sedgefeld,
444 2278 531 2320 Rio„
548 2279 626 2314 754.

231 2332 391 2373 Sedman,
409 2334 502 2374 Joh.,
525 2335 601 2370 749.

231 2387 418 2430 Segbroke,
437 2389 524 2422 Rob.
546 2391 598 2431 (16,
618 2392 695 2431 253,
717 2393 795 2432 255,
816 2394 892 2425 256.

230 2442 447 2485 Seggefelde,
466 2444 607 2485 Christ„
628 2447 704 2481 746.

230 2497 390 2540 Segrave,
410 2499 502 2542 Hug.
523 2500 576 2539 de,
599 2502 677 2534 538.

342 2553 460 2595 Steph.
480 2555 533 2596 de,
553 2557 631 2589 534.

230 2606 314 2649 Seir,
335 2608 420 2648 Sain
440 2610 536 2643 Will.
555 2610 615 2651 fil„
635 2613 666 2651 5,
687 2611 765 2647 467.

230 2662 365 2705 Seleby,
390 2664 463 2696 Rie.
483 2665 603 2698 Abbas
621 2666 674 2706 (16,
696 2668 750 2699 41.

229 2717 358 2757 Semar,
380 2718 529 2759 Semara,
548 2721 657 2754 Walt.
676 2722 728 2761 (16,
746 2724 800 2755 80.

228 2771 445 2805 Senescallus
479 2775 706 2818 Andegavffl,
745 2777 866 2820 Sfieph.
902 2779 945 2811 (16

276 2828 410 2868 Toron',
435 2831 508 2862 160.

338 2884 501 2916 Bernard.
522 2886 565 2917 (16
584 2887 719 2925 Arme&
741 2890 817 2920 298.

337 2938 379 2969 (16
397 2939 570 2979 Jedewrd,
586 2942 708 2981 wast„
727 2945 779 2975 84.

730 340 887 372 INDEX
913 339 973 371 OF
1000 340 1225 374 PERSONS.

1023 450 1240 484 Senescallus
1265 451 1363 484 Petri
1388 452 1431 484 de
1460 452 1614 495 Mauley,
1645 452 1738 492 Joh„

1073 507 1139 539 124
1152 517 1184 539 η.

1023 561 1235 604 Sergeslane,
1255 562 1343 595 Rob.
1363 562 1416 602 de,
1437 564 1514 598 217.

1023 617 1186 659 Serlonis,
1207 618 1347 651 Gerold.
1367 618 1425 657 fil„
1447 619 1524 651 226.

1133 673 1220 706 Rob.
1240 673 1358 711 frater,
1377 674 1455 706 305.

1025 727 1151 761 Servus
1165 728 1251 760 Eliae
1268 728 1390 761 decani
1403 728 1446 760 de
1459 728 1592 769 Ridale,
1607 728 1741 768 Helias,

1072 786 1150 818 200.

1025 840 1141 880 86ὺο11,
1161 840 1328 880 Sebhuna,
1347 840 1463 872 Adam
1481 839 1535 881 de,
1554 840 1610 880 24,
1629 839 1706 875 378.

1136 896 1273 929 Osbert.
1294 896 1347 936 (16,
1370 897 1449 929 382.

1135 952 1222 985 Rob.
1242 951 1288 984 fil.
1308 951 1445 983 Yvonis
1463 951 1517 991 de,
1537 952 1615 984 382.

1025 1027 1117 1031 ——
1135 1007 1220 1040 Tho.
1240 1007 1294 1047 de,
1313 1008 1393 1046 428,
1412 1008 1492 1040 482.

1135 1063 1215 1095 Yvo
1233 1063 1286 1102 de,
1307 1064 1375 1096 382
1389 1073 1420 1095 η.

1025 1118 1195 1159 Sevenak,
1227 1118 1410 1151 Sevenake
1439 1121 1513 1159 (seu
1543 1118 1586 1150 (16
1616 1118 1739 1158 Kent),

1072 1174 1167 1206 Will.
1188 1174 1241 1213 de,
1265 1175 1344 1213 280,
1364 1175 1442 1213 281,
1466 1172 1544 1213 287,
1565 1175 1643 1206 288.

1025 1229 1182 1269 Sexhow,
1203 1229 1326 1269 Sexou,
1346 1229 1442 1261 Will.
1465 1229 1519 1268 de,
1541 1231 1606 1262 231
1620 1240 1651 1262 n..

1026 1285 1197 1324 Shankes,
1215 1284 1406 1323 Schankes,
1426 1284 1550 1325 Walt„
1573 1284 1636 1320 127
1653 1296 1683 1316 η.

1027 1340 1158 1380 8116165,
1178 1340 1266 1379 Ric.‚
1285 1339 1362 1374 738.

1026 1396 1221 1439 Sheminge,
1240 1396 1335 1435 doh„
1353 1397 1429 1435 750,
1449 1397 1526 1431 751.

1136 1452 1236 1491 Rob.,
1258 1453 1335 1493 739,
1356 1452 1433 1487 740.

1136 1507 1245 1546 Will.,
1268 1509 1346 1547 739,
1368 1507 1444 1542 740.

1026 1562 1216 1604 Shepherd,
1232 1562 1327 1595 Will.
1351 1562 1406 1602 ((16
1424 1563 1571 1603 Hoton),
1593 1562 1659 1598 705
1673 1574 1703 1596 n.

1025 1617 1250 1660 Shipedham,
1301 1617 1324 1649 J
1328 1618 1381 1650 oh.
1442 1618 1485 1650 (16
1534 1617 1627 1650 Aula
1684 1618 1738 1657 (16,

1072 1675 1150 1706 661.

1025 1727 1227 1767 Shomaker,
1247 1727 1405 1768 Brianus,
1426 1728 1502 1763 723.

1024 1783 1160 1816 Siehest
1178 1783 1221 1814 de
1239 1783 1479 1825 Ugelbardby,
1500 1784 1579 1817 408.

1024 1839 1238 1882 Siclinghall,
1257 1839 1352 1871 Will.
1375 1839 1420 1872 fil.
1443 1839 1530 1872 Rob.
1550 1839 1602 1880 de,
1623 1840 1700 1872 538.

1024 1895 1179 1935 Sidman,
1198 1894 1306 1934 Will.,
1328 1894 1405 1928 750.

1025 1950 1197 1991 Silli‚J0h.
1212 1950 1384 1990 de,Vicar.
1395 1950 1427 1983 8.
1441 1950 1736 1990 Petri,Eb0r.‚48.

1025 2005 1168 2045 Siltona,
1189 2005 1281 2048 Hug.
1301 2005 1353 2045 (16,
1373 2007 1453 2038 438.

1025 2061 1192 2094 Silvester
1209 2061 1252 2092 de
1270 2060 1442 2099 Crossebi,
1463 2059 1542 2095 273.

1025 2116 1118 2156 Sim’,
1141 2117 1217 2149 168.

1024 2172 1232 2205 Simondson
1249 2171 1293 2203 de
1310 2171 1504 2213 Stokesley,
1524 2171 1631 2210 Will.,
1656 2172 1733 2204 506.

1024 2228 1208 2261 Simonson
1250 2227 1292 2259 de
1333 2227 1368 2259 N
1370 2229 1486 2259 ewton
1526 2226 1735 2265 Rochforth,

1071 2283 1159 2316 Rob.
1181 2282 1227 2316 fil.
1246 2283 1355 2322 Will.,
1374 2282 1453 2317 477.

1024 2339 1200 2377 Sireburn,
1219 2338 1336 2370 Adam
1355 2337 1402 2372 fil.
1421 2337 1502 2370 Joh.
1524 2337 1577 2377 de,
1600 2338 1662 2369 141
1680 2348 1710 2369 η.

1023 2394 1211 2434 siwardus,
1230 2395 1261 2426 5.

1133 2450 1264 2487 Comes,
1284 2448 1429 2491 xxxviii,
1447 2448 1510 2480 xlii
1523 2459 1553 2481 η,

1023 2504 1179 2544 Skelton,
1198 2503 1286 2536 Rob.
1309 2503 1363 2543 de,
1382 2504 1460 2536 304.

1133 2559 1216 2592 Tho.
1236 2558 1288 2599 de,
1309 2560 1387 2592 504.

1022 2613 1281 2656 Skiptonwm.
1296 2613 1339 2645 de
1348 2614 1545 2654 (Senescall.
1556 2614 1734 2655 Abbabis),

1069 2670 1148 2702 439.

1023 2723 1185 2767 Skipwic,
1204 2724 1288 2756 Tho.
1309 2724 1360 2764 de,
1384 2725 1459 2757 142.

1022 2779 1195 2822 Skirlagh,
1215 2779 1337 2818 Walt„
1357 2781 1435 2812 538.

1022 2834 1171 2873 Sklater‚
1193 2834 1291 2875 Tho„
1311 2835 1388 2866 569.

1022 2889 1142 2928 Skute,
1164 2890 1261 2921 Rich.
1282 2889 1326 2921 fil.
1347 2890 1512 2932 Gregorii,
1536 2891 1615 2922 453.

984 2958 986 2980 ⁴
1022 2944 1133 2985 Skyn,
1148 2944 1233 2976 Tho.
1255 2944 1299 2976 fil.
1321 2944 1407 2984 Rie„
1430 2947 1480 2977 19.
