1889 3221
367 354 727 387 CARTULARIUM
749 355 1017 388 ABBATHIAE
1043 357 1107 389 DE
1131 357 1372 391 WHITEBY.
1540 352 1619 388 515

108 462 376 516 Hospitalis,1
413 467 456 504 et
491 468 653 518 septem
684 464 838 518 panes2
869 465 915 505 in
946 465 1190 516 ebdomada,
1219 471 1261 508 et
1291 467 1539 521 impetravit
1570 467 1622 507 ab

107 527 159 567 iis
183 528 296 581 quod
324 528 542 570 caritative
564 532 606 570 et
627 530 777 571 devote
798 531 988 584 petierat.
1049 532 1228 583 Deinde,
1250 547 1426 574 assensu
1446 533 1624 586 praedic-

106 596 248 633 torum
269 594 490 649 Abbati[s]
513 600 555 636 et
577 595 708 636 Conv.
734 596 863 637 etiam
885 601 928 638 et
945 597 1037 638 sani
1053 601 1097 638 et
1112 598 1270 652 leprosi
1285 599 1346 640 ibi
1361 603 1623 648 manserunt,

108 663 150 700 et
180 660 272 701 Deo
309 661 559 711 servierunt,
590 665 633 702 et
667 676 804 716 usque
840 662 885 703 in
918 663 1171 704 hodiernum
1208 665 1320 705 diem
1352 665 1529 719 plurimi
1561 665 1622 705 ibi

101 730 358 778 permanent
385 731 658 781 expectantes
690 742 714 768 a
745 729 930 769 Domino
959 743 1157 770 coronam
1177 734 1392 772 aeternam.
1454 731 1621 773 Consti-

107 794 251 832 tutum
273 796 337 833 est
356 807 456 834 vero
478 807 502 834 a
522 793 735 847 praedictis
757 794 923 835 Abbate
945 798 986 835 et
1009 795 1155 844 ConV„
1172 810 1338 837 necnon
1359 799 1401 837 et
1417 810 1441 837 a
1458 810 1623 837 succes-

108 857 272 899 soribus
308 872 451 899 eorum
483 863 572 899 tam
602 859 842 900 Abbatibus
879 861 1100 909 Nicholao,
1130 861 1272 911 videl,
1305 867 1348 903 et
1379 863 1624 911 Benedicto‚

108 937 235 977 quam
280 925 505 966 Conventu
554 926 673 966 illius
714 926 927 976 Ecclesiae,
969 927 1082 980 quod
1124 928 1369 982 quicunque
1410 929 1456 968 in
1495 929 1622 982 praed.

108 990 336 1044 Hospitali,
358 992 447 1033 sive
475 1005 603 1032 sanus
624 992 694 1033 vel
714 992 904 1046 leprosus
927 993 1066 1043 fuerit,
1089 996 1131 1033 et
1151 993 1212 1034 ibi
1234 994 1460 1035 defunctus
1483 995 1623 1043 fuerit,

107 1056 162 1096 ad
193 1057 503 1098 Monasterium
536 1058 575 1098 S.
608 1058 724 1098 Petri
755 1061 799 1099 et
831 1058 869 1099 S.
904 1058 1048 1099 Hildae
1078 1058 1129 1099 de
1155 1059 1364 1113 Whiteby
1385 1059 1622 1101 deferetur3

108 1135 258 1176 corpus
280 1123 382 1177 ejus,
400 1126 441 1164 et
462 1138 486 1164 a
506 1123 727 1165 monachis
750 1124 884 1178 ejusd.
905 1124 988 1165 loci
1005 1138 1081 1178 pro
1104 1125 1189 1166 Dei
1210 1139 1351 1167 amore
1368 1126 1625 1180 suscipietur

108 1191 151 1228 et
180 1188 226 1228 in
257 1188 464 1230 cimiterio
495 1189 687 1243 ejusdem
716 1189 800 1231 loci
835 1190 1073 1244 sepelietur.
1135 1191 1328 1232 Habebit
1360 1206 1458 1233 vero
1493 1192 1621 1246 praed.

109 1253 335 1307 Hospitale
363 1255 633 1309 Magistrum,
654 1255 912 1296 monachum
943 1256 1208 1310 assignatum
1237 1270 1312 1310 per
1336 1258 1549 1298 Abbatem
1571 1257 1622 1298 de

107 1320 325 1374 Whiteby,
345 1321 407 1361 ita
437 1325 582 1362 tamen
613 1321 727 1375 quod
747 1321 873 1375 praed.
896 1321 1116 1375 Magister,
1136 1322 1206 1363 vel
1228 1323 1378 1364 fratres
1400 1327 1443 1364 et
1463 1337 1623 1364 sorores

108 1386 238 1439 ejusd.
261 1387 501 1441 Hospitalis
532 1387 702 1427 nullum
733 1387 906 1428 fratrem
937 1401 1016 1429 nec
1047 1401 1228 1429 sororem
1252 1389 1436 1443 recipere
1457 1389 1624 1442 possint

107 1451 154 1491 in
185 1452 385 1493 societate
416 1453 578 1503 domus,
608 1453 693 1493 nisi
723 1466 798 1506 per
828 1452 1043 1493 Abbatem
1074 1454 1126 1494 de
1150 1454 1382 1507 Whiteby3
1413 1454 1513 1508 quia
1530 1455 1624 1508 ipsa

109 1516 339 1558 elemosina
369 1531 393 1558 a
422 1518 633 1571 principio
668 1517 837 1571 proprie
870 1520 934 1558 est
963 1517 1014 1558 de
1047 1531 1196 1559 mensa
1226 1518 1408 1559 Abbatis
1440 1522 1483 1559 et
1514 1519 1625 1559 Con-

107 1586 275 1623 ventus.
350 1583 452 1636 Ipsa
471 1596 571 1623 vero
609 1582 727 1623 elem.
766 1582 889 1636 (185)
926 1582 1061 1623 libera
1097 1586 1139 1624 et
1173 1584 1320 1637 quieta
1351 1587 1416 1625 est
1452 1598 1476 1624 a
1511 1584 1625 1625 deci-

108 1648 307 1697 matione,
324 1652 366 1688 et
383 1648 690 1689 consuetudine
707 1651 749 1689 et
766 1648 985 1689 exactione
1003 1648 1206 1690 saeoulari.
1250 1649 1507 1703 Capellanus
1523 1664 1623 1691 vero

108 1714 311 1755 Ecclesiae
343 1714 381 1755 S.
413 1714 563 1755 Mariae
594 1714 645 1755 de
676 1714 886 1768 Whiteby
915 1714 1027 1755 infra
1055 1715 1182 1768 praed.
1205 1715 1432 1769 Hospitale
1457 1716 1624 1757 nullam

108 1781 282 1821 omnino
304 1781 657 1822 consuetudinem
678 1784 721 1821 et
740 1785 995 1834 potestatem
1017 1781 1217 1833 habebit3
1243 1786 1308 1823 set
1324 1782 1500 1823 habebit
1514 1783 1624 1824 illud

110 1846 334 1901 Hospitale
361 1847 581 1901 proprium
616 1846 909 1901 Oapellanum,
939 1847 1015 1900 qui
1047 1861 1194 1888 curam
1227 1848 1467 1889 animarum
1506 1853 1624 1902 gerat

108 1913 222 1967 apud
242 1913 449 1967 Whiteby
470 1917 512 1954 et
532 1913 783 1954 Vaccariam
800 1913 851 1954 de
869 1913 1080 1955 Bilroche.
1132 1914 1412 1968 Temporibus
1428 1915 1625 1969 praedicti

107 1978 291 2019 Abbatis
323 1978 471 2019 datum
502 1982 566 2020 est
597 1979 650 2019 ab
680 1979 773 2032 ipso
802 1982 845 2019 et
867 1978 1095 2020 Conventu
1116 1979 1248 2033 ejusd.
1271 1979 1356 2021 loci
1376 1995 1510 2021 unum
1535 1995 1625 2022 cor-

106 2044 274 2085 rodium
304 2044 553 2085 monachale
575 2044 627 2085 de
649 2045 890 2086 Refectorio
913 2045 964 2086 de
986 2045 1218 2086 elemosina
1242 2047 1548 2087 monachorum
1570 2047 1623 2088 ad

106 2110 233 2164 praed.
258 2110 482 2164 Hospitale
502 2110 547 2150 in
569 2110 689 2151 elem.
713 2114 967 2164 perpetuam
980 2126 989 2162 3
1021 2114 1064 2151 et
1086 2116 1251 2165 septem
1271 2125 1402 2165 panes
1423 2112 1624 2166 praedict„

107 2190 212 2230 quos
229 2176 472 2217 Willelmus
488 2177 635 2217 Abbas
652 2176 769 2217 dedit
785 2176 1010 2230 praedicto4
1032 2178 1146 2226 Orm,
1162 2181 1260 2231 post
1276 2178 1441 2219 obitum
1463 2179 1565 2232 ejus,
1583 2183 1625 2220 et

108 2242 308 2296 deinceps
338 2256 473 2295 usque
504 2242 550 2282 in
579 2242 832 2283 hodiernum
854 2242 979 2292 diem,
1010 2243 1149 2283 eidem
1179 2243 1399 2297 Hospitali
1429 2257 1624 2297 perman—

108 2312 267 2357 serunt,
283 2311 326 2348 et
341 2313 452 2349 terra
467 2309 594 2361 juxta
610 2308 837 2362 Hospitale
852 2308 966 2362 quod
982 2313 1160 2349 vocatur
1179 2309 1219 2349 16
1238 2309 1358 2350 Croft
1372 2310 1622 2363 Hospitalis.

109 2373 214 2414 Haec
247 2374 390 2414 omnia
425 2373 629 2414 dederant
662 2374 700 2414 S.
735 2374 942 2415 Michaeli
977 2378 1020 2414 et
1054 2374 1257 2415 fratribus
1292 2375 1422 2428 ejusd.
1460 2375 1542 2416 loci
1577 2376 1624 2416 in

107 2440 226 2481 elem.
247 2444 506 2493 perpetuam.
566 2439 774 2480 Attamen
794 2439 930 2480 D’nus
953 2439 1182 2489 Galstidus,
1200 2444 1476 2494 cognomento
1499 2442 1624 2482 Man-

109 2504 268 2554 senus?
297 2504 530 2545 monachus
562 2504 614 2545 de
642 2505 862 2558 Whiteby,
892 2505 946 2545 ab
968 2505 1134 2545 Abbate
1165 2518 1240 2545 suo
1273 2506 1506 2547 Benedicto
1537 2510 1579 2548 et
1600 2521 1625 2548 a

108 2570 365 2626 quibusdam
385 2570 604 2611 monachis
624 2570 707 2611 loci
727 2571 844 2611 illius
866 2585 941 2624 pro
964 2570 1129 2624 leproso
1156 2571 1328 2612 habitus
1350 2577 1437 2613 est:
1468 2587 1552 2626 qua
1572 2574 1624 2615 de

109 2651 236 2678 causa
265 2636 327 2677 ibi
360 2637 520 2677 mansit
554 2636 703 2677 multis
738 2637 1048 2677 annis-—vich
1085 2650 1220 2690 usque
1253 2637 1307 2678 ad
1338 2638 1452 2679 diem
1483 2639 1623 2681 obitus

156 2753 167 2771 ¹
192 2753 282 2786 Now
311 2753 424 2795 Spital
449 2753 599 2796 Bridge;
626 2753 737 2785 called
768 2752 1018 2795 Spityllbrygd
1043 2752 1078 2784 in
1104 2752 1170 2785 No.
1192 2754 1269 2785 382.
1321 2754 1394 2786 The
1412 2755 1509 2796 place
1526 2755 1624 2788 itsel‘t'

110 2809 140 2841 is
158 2809 231 2841 also
248 2808 430 2841 described
446 2820 484 2841 as
503 2811 523 2826 “
534 2819 737 2840 nemorosus
754 2810 790 2840 et
807 2807 1001 2850 spinosus.''

156 2862 170 2883 2
195 2863 238 2895 In
259 2864 325 2896 No.
350 2864 417 2896 382
448 2866 467 2881 “
481 2866 614 2905 septem
631 2863 762 2907 lagenae
780 2863 931 2896 servisiae
949 2863 985 2894 in
1003 2862 1223 2894 ebdomades
1237 2874 1294 2895 are
1312 2863 1385 2896 also
1404 2865 1566 2906 specified
1585 2877 1622 2897 as

111 2920 189 2959 part
206 2918 242 2950 of
257 2918 319 2950 the
337 2918 514 2950 donation.
1068 2915 1082 2937 3
1106 2918 1293 2958 clefferetur.

157 2972 171 2992 4
194 2974 372 3014 predictus.
1067 2970 1080 2991 5
1106 2972 1243 3005 Named
1261 2973 1297 3005 in
1314 2973 1379 3007 No.
1401 2975 1478 3006 382.
