1889 3221
237 353 318 391 480
493 362 853 396 OARTULARIUM
878 362 1145 395 ABBATHIAE
1172 364 1235 396 DE
1260 364 1505 396 WHITEBY.

891 554 1093 595 DXLVI.

291 652 516 693 Universis
533 653 572 694 S.
591 653 744 694 Matris
766 653 877 694 Eccl.
895 653 996 694 filiis
1017 657 1160 707 pateat
1181 667 1256 707 per
1276 659 1505 707 praesentes
1528 654 1641 708 quod
1662 667 1751 703 nos,

231 718 317 758 d’ni
345 718 550 759 Officialis
581 719 708 759 curiae
738 719 861 760 Ebor.
892 719 1255 773 Commi[s]sarius
1284 719 1504 773 generalis,
1525 719 1750 760 undecimo

230 784 297 825 die
318 785 474 825 mensis
495 785 658 838 Aprilis
680 785 785 825 A.D.
805 785 1032 826 millesimo
1050 785 1265 834 ccc¹¹¹01iii0,
1281 785 1327 825 in
1348 785 1462 826 dicta
1478 785 1593 826 curia
1609 785 1663 825 ad
1678 785 1750 838 jus

230 850 426 891 reddend.
449 864 525 904 pro
546 851 751 891 tribunali
773 851 979 900 sedentes,
1000 851 1216 904 quandam
1246 852 1448 905 praecepti
1479 851 1626 891 s’mam
1653 864 1750 904 pro-

230 915 420 965 tulimus,
442 917 520 957 sub
542 916 621 957 hac
643 917 778 957 forma
794 917 917 958 z—In
937 917 1020 958 Dei
1041 917 1224 958 nomine.
1279 917 1430 958 Amen.
1483 917 1593 958 Cum
1613 930 1749 970 nuper

231 982 433 1035 Religiosi
482 983 575 1031 viri,
615 982 759 1023 Abbas
801 988 843 1024 et
891 983 1020 1024 Conv.
1063 983 1246 1024 Monast.
1299 983 1351 1024 de
1390 983 1585 1036 Whitby,
1625 982 1746 1022 Ebor.

228 1047 468 1097 Dioceseos,
489 1052 763 1101 patronatum
795 1054 837 1090 et
867 1049 1189 1090 advocationem
1220 1049 1407 1090 ecclesiae
1433 1049 1484 1089 de
1515 1048 1748 1101 Huntyng-

230 1112 326 1153 ton1
371 1127 501 1167 prope
554 1115 676 1156 Ebor.
727 1115 906 1156 Custodi
958 1115 1107 1156 domus
1155 1115 1410 1155 vicariorum
1458 1113 1586 1155 Chori
1635 1114 1747 1155 Eccl.

230 1179 497 1221 Cathedralis
528 1181 574 1221 B.
607 1181 724 1221 Petri
753 1181 891 1229 Ebor„
923 1184 965 1222 et
996 1180 1167 1221 vicariis
1198 1181 1389 1234 ejusdem
1425 1180 1549 1228 Εο01.,
1583 1184 1625 1220 01;
1660 1179 1747 1220 suis

230 1258 420 1294 success,
467 1246 683 1287 dedissent
729 1251 772 1287 et
818 1247 1124 1288 concessissent]
1175 1251 1380 1300 perpetuo
1432 1245 1748 1299 possidendum,

229 1311 348 1351 salva
379 1311 538 1352 eisdem
568 1312 732 1352 Abbati
764 1316 806 1353 et
834 1312 963 1353 ConV.
993 1326 1079 1352 una
1108 1312 1310 1365 pensione
1346 1325 1487 1352 annua
1522 1310 1747 1352 tresdecim

230 1377 303 1418 501.
336 1382 378 1418 et
408 1382 590 1431 quatuor
621 1379 712 1419 den.
746 1379 797 1419 ab
830 1379 923 1432 ipsa
959 1378 1134 1419 ecclesia
1170 1383 1213 1419 et
1248 1379 1427 1418 Hectore
1468 1377 1657 1431 ejusdem
1692 1377 1745 1417 ab

230 1443 406 1496 antiquo
438 1444 673 1485 constituta
704 1449 746 1485 et
777 1445 933 1494 debita,
963 1444 1009 1484 in
1043 1445 1069 1484 f.
1102 1444 1225 1498 (143)
1259 1444 1298 1485 S.
1331 1444 1512 1484 Martini
1547 1444 1592 1483 in
1622 1456 1746 1497 yeme

229 1509 452 1549 annuatim
493 1510 601 1550 solvi
642 1514 842 1550 consueta
859 1526 869 1561 ;
919 1510 1260 1563 comparentibus
1302 1523 1444 1550 coram
1483 1509 1618 1558 nobis,
1660 1509 1745 1549 d'ni

231 1574 348 1615 Offie.
366 1574 493 1615 curiae
524 1575 646 1615 Ebor.
667 1575 966 1616 Commissario
987 1575 1174 1629 generali
1189 1575 1236 1615 in
1252 1575 1363 1616 Eccl.
1381 1575 1518 1623 Ebor.,
1534 1574 1745 1615 dictorum

230 1639 550 1693 Religiosorum,
571 1654 619 1681 ac
644 1641 854 1682 dictorum
886 1641 1085 1682 Custodis
1117 1645 1158 1682 et
1183 1641 1437 1682 vicariorum
1466 1639 1746 1694 procuratori-

229 1706 320 1755 bus,
351 1706 403 1746 ad
439 1707 708 1760 infrascripta
739 1707 1023 1748 sufficientem
1058 1711 1315 1761 potestatem
1349 1706 1618 1755 habentibus,
1648 1719 1744 1759 pro-

231 1776 397 1812 curator
417 1773 627 1813 dictorum
651 1773 850 1814 Custodis
872 1778 914 1814 et
935 1773 1188 1814 vicariorum
1210 1786 1351 1813 coram
1372 1773 1492 1813 nobis
1514 1772 1559 1812 in
1580 1771 1744 1825 judicio

229 1837 399 1890 publice
421 1838 634 1878 fatebatur
655 1842 697 1879 et
718 1839 892 1892 agnovit
918 1839 1075 1879 dictam
1097 1839 1319 1879 ecclesiam
1341 1852 1364 1879 a
1385 1843 1574 1891 tempore
1605 1851 1629 1877 a
1660 1850 1743 1890 quo

230 1915 316 1941 non
346 1906 465 1942 extat
495 1903 697 1943 memoria
728 1904 853 1944 dictis
884 1903 1043 1944 Abbati
1065 1908 1107 1944 et
1128 1904 1257 1944 Conv.
1279 1904 1325 1943 in
1345 1903 1570 1943 tresdecim
1598 1902 1744 1942 solidis

231 1972 272 2007 et
294 1972 475 2020 quatuor
496 1969 589 2009 den.
612 1969 783 2010 nomine
813 1969 1028 2022 pensionis
1050 1982 1202 2009 annuae
1234 1969 1375 2017 fuisse,
1397 1973 1439 2009 et
1461 1982 1549 2009 esse
1570 1968 1742 2008 effectu-

229 2032 363 2080 aliter,
384 2038 595 2074 oneratam
628 2038 670 2074 et
697 2034 937 2088 obligatam,
960 2039 1003 2075 et
1034 2035 1202 2075 eosdem
1233 2034 1468 2088 Religiosos
1499 2047 1573 2087 per
1602 2037 1742 2073 totum

229 2103 397 2151 tempus
418 2099 667 2152 praedictum
689 2099 825 2153 ipsam
846 2100 1093 2153 pensionem
1115 2100 1289 2154 pacifice
1309 2099 1570 2153 percepisse3
1594 2098 1742 2139 volens

230 2167 272 2204 et
288 2164 555 2205 consentiens
577 2165 748 2206 nomine
766 2165 977 2206 dictorum
997 2165 1205 2206 D'norum
1227 2180 1399 2206 suorum
1416 2166 1468 2206 ad
1485 2165 1740 2206 solutionem

229 2234 271 2269 et
302 2231 618 2282 praestationem
649 2231 772 2272 dictae
803 2245 956 2272 annuae
986 2232 1204 2285 pensionis
1235 2232 1280 2271 in
1313 2235 1470 2272 eventu
1506 2244 1590 2285 quo
1627 2230 1741 2271 dicta

229 2295 327 2336 eccl.
359 2296 410 2336 de
441 2296 730 2350 Huntyngton
762 2297 951 2350 praefatis
983 2297 1162 2338 Custodi
1193 2301 1236 2338 et
1265 2297 1434 2337 vicariis
1471 2295 1740 2350 appropriata

229 2361 359 2401 fuerit
393 2365 435 2402 et
470 2375 647 2410 annexa,
679 2365 720 2402 et
757 2363 909 2403 Custos
946 2366 988 2403 et
1017 2362 1167 2403 vicarii
1203 2362 1365 2402 fructus
1401 2362 1593 2415 ejusdem
1627 2361 1740 2403 Eccl.

228 2427 400 2479 pacifice
430 2428 709 2481 perceperint,
737 2429 905 2469 eosdem
936 2428 1068 2468 D’nos
1101 2441 1208 2476 suos,
1238 2431 1277 2468 et
1311 2441 1354 2468 50
1386 2441 1530 2468 eorum
1557 2429 1741 2477 nomine,

228 2505 302 2544 per
322 2493 456 2532 nostri
485 2493 687 2546 praecepti
714 2493 861 2533 s'mam
892 2493 1205 2545 condempnari.
1267 2492 1394 2533 Unde
1423 2506 1512 2541 nos,
1535 2492 1739 2534 Commis-

229 2557 364 2597 sarius
395 2559 648 2607 antedictus,
669 2559 935 2599 voluntatem
967 2564 1010 2599 et
1040 2571 1293 2599 consensum
1323 2557 1428 2598 dicti
1458 2559 1740 2611 procuratoris

229 2626 506 2675 acceptantes,
522 2624 783 2677 judicialiter
813 2624 948 2664 dictos
981 2623 1211 2664 Custodem
1242 2627 1284 2663 et
1311 2622 1488 2663 vicarios
1521 2625 1563 2663 et
1595 2637 1739 2663 eorum

229 2701 350 2737 suco,
380 2689 426 2728 in
456 2688 656 2741 persona2
686 2689 968 2742 procuratoris
1008 2688 1251 2743 supradicti,
1283 2692 1325 2728 et
1359 2688 1500 2740 ipsum
1542 2701 1740 2740 procura—

227 2757 362 2793 torem
393 2754 563 2795 nomine
595 2754 834 2803 eorundem,
871 2754 916 2794 in
952 2754 1065 2795 dicta
1099 2753 1303 2807 pensione
1337 2766 1478 2793 annua
1513 2753 1737 2794 tresdecim

229 2818 459 2859 solidorum
491 2818 633 2872 (143b)
665 2824 707 2860 et
742 2824 924 2873 quatuor
960 2820 1066 2868 den„
1097 2819 1142 2858 in
1178 2822 1335 2859 eventu
1370 2831 1453 2871 quo
1489 2818 1602 2858 dicta
1639 2818 1736 2859 eccl.

228 2884 279 2924 de
311 2884 598 2938 Huntyngton
629 2884 733 2937 ipsis
766 2885 944 2926 Custodi
973 2889 1016 2925 et
1042 2883 1212 2924 vicariis
1243 2883 1367 2923 unita
1399 2886 1440 2923 et
1468 2883 1739 2936 appropriata

460 2988 472 3010 1
499 2990 561 3022 See
578 2990 639 3022 the
656 2993 727 3022 two
744 2991 811 3023 last
829 2991 943 3023 deeds.
1275 2988 1288 3009 2
1307 3001 1495 3031 personam.
