1889 3221
394 392 759 427 OARTULARIUM
784 392 1054 425 ABBATHIAE
1079 392 1143 424 DE
1169 391 1418 424 WHITEBY.
1572 381 1653 418 635

140 510 224 552 hiis
273 511 519 561 indentura,
560 515 603 552 et
653 510 706 551 de
749 510 950 551 omnibus
991 509 1451 558 administrationibus,
1493 506 1656 554 officiis,

139 576 311 619 ballivis
352 582 395 618 et
435 577 655 627 custodiis,
695 580 785 617 tam
825 576 872 616 in
913 576 1179 618 Monasterio
1221 589 1351 630 quam
1387 578 1518 623 extra,
1555 576 1655 613 ante

139 642 298 683 festum
329 643 369 684 S.
392 643 574 684 Martini
603 642 809 684 reddatur
835 642 963 683 finale
985 646 1233 696 compotum
1255 655 1397 682 coram
1420 640 1590 681 Abbate
1613 640 1656 678 et

139 713 321 762 quatuor
351 709 421 750 vel
452 709 645 763 quinque
677 708 915 750 senioribus
937 711 979 749 et
1000 708 1320 749 discretioribus
1342 707 1394 748 de
1417 707 1657 752 ConventU‚

138 775 200 815 ita
230 778 290 825 ut,
322 775 470 816 audito
501 774 620 815 finali
651 778 862 828 compoto,
891 778 1010 816 totus
1042 777 1179 815 status
1211 774 1378 815 Domus
1410 770 1656 814 Conventui

142 841 403 883 ostendatur.

200 907 325 957 Item,
364 907 524 956 Abbas,
563 910 735 961 recepto
785 907 866 948 hoc
917 906 1098 955 decreto,
1134 906 1227 960 ipse
1268 908 1311 947 et
1351 904 1424 946 alii
1464 903 1656 957 quinque

140 972 209 1014 vel
249 986 323 1014 sex
364 973 417 1014 de
451 973 759 1014 maturioribus
796 976 839 1013 et
874 972 1197 1013 discretioribus
1232 971 1453 1012 monachis
1489 970 1655 1010 Domus

141 1042 389 1092 compotum
435 1039 646 1079 bonorum
687 1038 877 1092 ejusdem
919 1038 970 1079 de
1011 1038 1211 1079 omnibus
1251 1037 1447 1078 officiatis
1487 1047 1656 1075 monas-

139 1105 248 1154 terii,
297 1108 387 1145 tam
436 1103 551 1144 infra
601 1117 731 1157 quam
782 1108 914 1153 extra,
965 1103 1041 1157 qui
1091 1103 1144 1144 ad
1196 1105 1396 1156 compota
1442 1098 1658 1142 reddenda

141 1173 354 1220 tenentur,
400 1169 614 1224 exquisite
662 1169 853 1219 audiant,
902 1173 945 1210 et
987 1183 1035 1210 eo
1082 1169 1229 1210 audito
1280 1171 1420 1209 status
1465 1166 1657 1220 ejusdem

142 1236 396 1277 Monasterii
427 1236 509 1276 toti
533 1235 778 1277 Conventui
806 1235 853 1275 in
876 1235 1076 1288 Capitulo
1098 1234 1364 1288 integraliter
1394 1232 1657 1274 ostendatur.

142 1302 266 1352 Item,
287 1302 443 1351 Abbas,
468 1302 600 1351 Prior,
620 1301 691 1342 vel
722 1300 833 1341 alius
865 1301 1106 1355 Religiosus
1137 1304 1212 1341 aut
1242 1299 1456 1340 saecularis
1488 1298 1657 1338 nullum

140 1368 365 1418 famulum,
403 1369 657 1422 garcionem,
698 1367 767 1408 vel
817 1367 996 1409 alterius
1049 1367 1312 1408 conditionis
1352 1365 1572 1406 hominem
1613 1363 1658 1402 in

140 1448 312 1476 servum
332 1434 516 1476 retineat
536 1434 613 1488 qui
633 1433 795 1474 Domui
816 1433 873 1474 sit
895 1446 1109 1482 onerosus,
1126 1432 1365 1486 superfluus
1386 1431 1456 1472 vel
1476 1429 1660 1477 inutilis,

143 1505 218 1541 aut
247 1501 376 1541 etiam
407 1514 535 1554 super
564 1499 889 1540 incontinentiae
919 1499 1041 1548 vitio,
1062 1499 1131 1539 vel
1162 1498 1246 1539 alio
1277 1497 1455 1538 crimine
1475 1496 1661 1550 graviter

146 1566 402 1608 diffametur.
464 1567 580 1607 Item
619 1579 842 1606 monemus
883 1565 1113 1614 Abbatem,
1145 1565 1349 1613 Priorem,
1385 1567 1428 1604 et
1469 1562 1659 1616 singulos

144 1633 376 1674 monachos
408 1633 460 1674 de
497 1632 738 1682 Conventu,
768 1632 815 1672 in
845 1632 1009 1673 virtute
1041 1630 1311 1680 obedientiae,
1342 1634 1385 1671 et
1416 1630 1495 1671 sub
1531 1642 1660 1682 poena

146 1698 430 1739 districtionis
478 1697 706 1738 Canonicae
748 1697 864 1750 quod
906 1710 1033 1738 canes
1074 1700 1305 1737 venaturos
1343 1695 1549 1749 proprios,
1590 1694 1661 1735 vel

146 1765 321 1814 alienos,
351 1764 398 1805 16
437 1765 578 1804 Domo
610 1763 661 1804 de
693 1767 844 1804 caetero
880 1776 966 1803 non
1001 1766 1191 1812 teneant,
1225 1775 1304 1803 nec
1340 1761 1573 1802 admittant
1608 1760 1662 1801 ad

146 1829 502 1884 [indeciplwrable]
521 1830 565 1870 in
586 1830 740 1880 Domo,
761 1829 845 1870 nisi
867 1829 1094 1870 dumtaxat
1114 1829 1212 1870 illos
1234 1828 1309 1882 qui
1331 1828 1493 1869 Domui
1514 1840 1660 1868 neces—

146 1896 248 1937 sarii
282 1896 351 1938 vel
386 1896 516 1937 utiles
559 1909 651 1937 esse
691 1899 890 1949 possent:
922 1900 966 1936 et
1005 1895 1272 1936 custodiatur
1307 1893 1447 1935 hostia
1482 1893 1660 1934 claustri

144 1963 248 2004 adeo
280 1963 394 2017 quod
424 1962 570 2003 nullus
602 1962 720 2003 canis
751 1962 1015 2016 ingrediatur
1045 1961 1307 2003 claustrum:
1337 1960 1529 2014 praebens
1559 1973 1660 2000 vero

143 2030 241 2071 cani
256 2029 503 2084 hujusmodi
519 2029 738 2083 ingressus
755 2028 1011 2082 corripiatur
1026 2031 1068 2068 et
1084 2027 1219 2082 rigide
1235 2027 1476 2081 castigetur.
1537 2026 1663 2075 Item,

147 2101 320 2151 propter
353 2096 498 2151 gravia
530 2110 659 2137 onera
695 2096 952 2146 debitorum,
982 2095 1285 2144 corrodiorum‚
1314 2093 1583 2148 pensionum,
1618 2097 1661 2133 et

144 2163 457 2212 liberationum,
478 2166 527 2203 ut
558 2162 754 2216 superius
785 2165 849 2203 est
880 2175 1140 2215 expressum,
1160 2161 1405 2202 inhibemus
1436 2159 1663 2207 Abbatem,

145 2229 226 2269 sub
256 2242 384 2282 poena
414 2228 694 2282 depositionis
726 2228 778 2268 ab
809 2227 960 2277 officio,
981 2228 1232 2280 caeterisque
1263 2225 1444 2279 singulis
1476 2225 1527 2266 de
1550 2225 1661 2266 Con-

146 2297 280 2335 ventu
316 2294 395 2335 sub
435 2307 563 2347 poena
603 2292 1062 2335 excommunicationis
1102 2291 1287 2346 majoris,
1323 2304 1377 2331 ne
1417 2291 1469 2331 de
1510 2294 1662 2331 caetero

149 2372 373 2400 conversos
404 2360 458 2399 ad
488 2359 686 2399 habitum
717 2358 1025 2399 monachorum
1056 2358 1235 2398 fratrum
1271 2356 1338 2397 vel
1362 2368 1660 2396 conversorum

148 2424 393 2473 admittant,
425 2424 664 2478 pensiones,
692 2423 892 2472 corrodia,
924 2422 994 2464 vel
1027 2422 1303 2463 liberationes
1334 2421 1660 2475 quibuscunque

148 2490 340 2544 personis
362 2490 613 2539 concedant,
634 2489 906 2530 venditiones
931 2489 1167 2538 boscorum,
1188 2502 1262 2529 seu
1284 2487 1545 2537 donationes,
1566 2502 1660 2541 quae

150 2557 204 2598 ad
243 2556 433 2597 notabile
473 2559 645 2596 vastum
685 2558 889 2608 poterunt
928 2554 1136 2604 annotari,
1176 2554 1350 2603 faciant,
1390 2553 1662 2594 dimissiones

149 2622 447 2671 maneriorum,
469 2635 541 2663 seu
574 2621 755 2662 aliorum
775 2621 968 2661 locorum
990 2621 1043 2662 ad
1064 2621 1207 2674 ipsum
1231 2619 1537 2660 monasterium
1568 2633 1660 2672 per-

149 2689 396 2738 tinentium,
417 2688 468 2729 ad
501 2688 667 2729 firmam
687 2691 950 2741 perpetuam,
975 2687 1042 2728 vel
1063 2687 1116 2728 ad
1136 2690 1306 2740 tempus
1328 2699 1414 2726 non
1435 2685 1662 2735 modicum,

150 2754 482 2796 alienationesve
532 2753 850 2808 possessionum
901 2767 977 2794 seu
1021 2753 1269 2793 reddituum
1305 2751 1497 2806 ejusdem
1536 2752 1662 2792 Mon-

152 2821 296 2862 asterii
325 2820 584 2875 temporales
615 2820 788 2869 faciant,
818 2819 888 2861 vel
918 2822 1158 2873 perpetuas,
1190 2818 1282 2859 sine
1313 2820 1458 2858 nostro
1479 2817 1662 2858 1161666-

155 2899 368 2927 cessorum
400 2890 644 2927 nostrorum
674 2885 851 2926 licentia
892 2884 1079 2938 speciali,
1112 2897 1241 2937 super
1280 2883 1437 2937 quibus
1471 2883 1661 2924 litteram

153 2954 343 2992 nostram
359 2951 430 2994 vel
445 2965 737 2994 successorum
753 2955 997 2993 nostrorum
1013 2950 1209 2999 habeant,
1223 2963 1321 2990 cum
1338 2962 1509 2991 necesse
1522 2949 1664 2997 fuerit,

155 3017 452 3060 exhibendam.
526 3019 632 3059 Haec
673 3019 820 3072 itaque
862 3018 1048 3059 salubria
1083 3018 1258 3067 monita,
1294 3018 1588 3067 correctiones,
1623 3022 1665 3058 et

156 3082 350 3136 injuncta
385 3084 518 3133 vobis,
553 3084 715 3124 Abbati
755 3088 797 3125 et
833 3084 1013 3138 singulis
1050 3084 1101 3124 de
1140 3083 1379 3132 Conventu,
1415 3084 1494 3124 sub
1525 3083 1662 3136 poenis
