<?xml version="1.0" encoding="UTF-8"?>
<!DOCTYPE html PUBLIC "-//W3C//DTD XHTML 1.0 Transitional//EN"
    "http://www.w3.org/TR/xhtml1/DTD/xhtml1-transitional.dtd">
<html xmlns="http://www.w3.org/1999/xhtml" xml:lang="en" lang="en">
 <head>
  <title>
</title>
<meta http-equiv="Content-Type" content="text/html;charset=utf-8" />
  <meta name='ocr-system' content='tesseract 3.04.00' />
  <meta name='ocr-capabilities' content='ocr_page ocr_carea ocr_par ocr_line ocrx_word'/>
</head>
<body>
  <div class='ocr_page' id='page_1' title='image "./cartulariumabbat02whit_0037.png"; bbox 0 0 1889 3273; ppageno 0'>
   <div class='ocr_carea' id='block_1_1' title="bbox 359 367 1622 406">
    <p class='ocr_par' dir='ltr' id='par_1_1' title="bbox 359 367 1622 406">
     <span class='ocr_line' id='line_1_1' title="bbox 359 367 1622 406; baseline -0.001 -1"><span class='ocrx_word' id='word_1_1' title='bbox 359 372 720 405; x_wconf 84' lang='lat' dir='ltr'><strong>CARTULARIUM</strong></span> <span class='ocrx_word' id='word_1_2' title='bbox 747 371 1015 404; x_wconf 82' lang='lat' dir='ltr'><strong>ABBATHIAE</strong></span> <span class='ocrx_word' id='word_1_3' title='bbox 1038 373 1101 404; x_wconf 87' lang='lat' dir='ltr'>DE</span> <span class='ocrx_word' id='word_1_4' title='bbox 1129 374 1375 406; x_wconf 77' lang='lat' dir='ltr'>WHTTEBY.</span> <span class='ocrx_word' id='word_1_5' title='bbox 1542 367 1622 405; x_wconf 85' lang='lat'>375</span> 
     </span>
    </p>
   </div>
   <div class='ocr_carea' id='block_1_2' title="bbox 104 481 1626 3044">
    <p class='ocr_par' dir='ltr' id='par_1_2' title="bbox 104 481 1626 3044">
     <span class='ocr_line' id='line_1_2' title="bbox 107 481 1625 538; baseline 0.001 -16"><span class='ocrx_word' id='word_1_6' title='bbox 107 481 205 523; x_wconf 91' lang='grc'>0001,</span> <span class='ocrx_word' id='word_1_7' title='bbox 228 481 555 536; x_wconf 88' lang='lat' dir='ltr'>pertinentibus,</span> <span class='ocrx_word' id='word_1_8' title='bbox 577 484 619 522; x_wconf 88' lang='lat' dir='ltr'>et</span> <span class='ocrx_word' id='word_1_9' title='bbox 650 495 748 523; x_wconf 90' lang='lat' dir='ltr'>cum</span> <span class='ocrx_word' id='word_1_10' title='bbox 770 495 881 523; x_wconf 90' lang='lat' dir='ltr'>omn.</span> <span class='ocrx_word' id='word_1_11' title='bbox 904 481 999 523; x_wconf 88' lang='lat' dir='ltr'>aliis</span> <span class='ocrx_word' id='word_1_12' title='bbox 1020 482 1109 523; x_wconf 87' lang='lat' dir='ltr'>t&#39;ris</span> <span class='ocrx_word' id='word_1_13' title='bbox 1132 496 1236 536; x_wconf 90' lang='lat' dir='ltr'>quas</span> <span class='ocrx_word' id='word_1_14' title='bbox 1267 484 1395 538; x_wconf 83' lang='lat' dir='ltr'>praed.</span> <span class='ocrx_word' id='word_1_15' title='bbox 1426 483 1625 524; x_wconf 89' lang='lat' dir='ltr'>monachi</span> 
     </span>
     <span class='ocr_line' id='line_1_3' title="bbox 106 547 1626 603; baseline 0.001 -15"><span class='ocrx_word' id='word_1_16' title='bbox 106 551 296 601; x_wconf 88' lang='lat' dir='ltr'>tempore</span> <span class='ocrx_word' id='word_1_17' title='bbox 325 548 453 602; x_wconf 89' lang='lat' dir='ltr'>hujus</span> <span class='ocrx_word' id='word_1_18' title='bbox 475 547 809 589; x_wconf 87' lang='lat' dir='ltr'>concessionis—</span> <span class='ocrx_word' id='word_1_19' title='bbox 821 548 908 589; x_wconf 91' lang='lat' dir='ltr'>scil.</span> <span class='ocrx_word' id='word_1_20' title='bbox 931 548 977 588; x_wconf 90' lang='grc'>111</span> <span class='ocrx_word' id='word_1_21' title='bbox 998 549 1159 591; x_wconf 90' lang='lat' dir='ltr'>octabis</span> <span class='ocrx_word' id='word_1_22' title='bbox 1180 549 1486 603; x_wconf 77' lang='lat' dir='ltr'>Apostolorum</span> <span class='ocrx_word' id='word_1_23' title='bbox 1508 550 1626 590; x_wconf 90' lang='lat' dir='ltr'>Petri</span> 
     </span>
     <span class='ocr_line' id='line_1_4' title="bbox 109 614 1625 671; baseline 0.001 -17"><span class='ocrx_word' id='word_1_24' title='bbox 109 617 152 654; x_wconf 90' lang='grc'>01</span> <span class='ocrx_word' id='word_1_25' title='bbox 183 614 309 654; x_wconf 87' lang='lat' dir='ltr'>Pauli</span> <span class='ocrx_word' id='word_1_26' title='bbox 339 615 469 655; x_wconf 86' lang='lat' dir='ltr'>Anno</span> <span class='ocrx_word' id='word_1_27' title='bbox 504 615 573 655; x_wconf 81' lang='lat' dir='ltr'>Gr.</span> <span class='ocrx_word' id='word_1_28' title='bbox 606 614 834 655; x_wconf 87' lang='lat' dir='ltr'>millesimo</span> <span class='ocrx_word' id='word_1_29' title='bbox 866 614 1158 656; x_wconf 88' lang='lat' dir='ltr'>ducentesimo</span> <span class='ocrx_word' id='word_1_30' title='bbox 1190 617 1451 671; x_wconf 83' lang='lat' dir='ltr'>sexagesimo</span> <span class='ocrx_word' id='word_1_31' title='bbox 1473 616 1625 670; x_wconf 87' lang='lat' dir='ltr'>quinto</span> 
     </span>
     <span class='ocr_line' id='line_1_5' title="bbox 108 679 1624 734; baseline 0.002 -15"><span class='ocrx_word' id='word_1_32' title='bbox 108 679 265 721; x_wconf 81' lang='lat' dir='ltr'>——inde</span> <span class='ocrx_word' id='word_1_33' title='bbox 287 680 528 721; x_wconf 89' lang='lat' dir='ltr'>habuerunt</span> <span class='ocrx_word' id='word_1_34' title='bbox 550 680 595 720; x_wconf 88' lang='lat' dir='ltr'>in</span> <span class='ocrx_word' id='word_1_35' title='bbox 617 680 722 721; x_wconf 89' lang='lat' dir='ltr'>villa</span> <span class='ocrx_word' id='word_1_36' title='bbox 745 685 787 721; x_wconf 93' lang='lat' dir='ltr'>et</span> <span class='ocrx_word' id='word_1_37' title='bbox 809 681 969 734; x_wconf 86' lang='lat' dir='ltr'>campis</span> <span class='ocrx_word' id='word_1_38' title='bbox 992 680 1042 721; x_wconf 92' lang='lat' dir='ltr'>de</span> <span class='ocrx_word' id='word_1_39' title='bbox 1064 681 1219 731; x_wconf 91' lang='lat' dir='ltr'>Atona‚</span> <span class='ocrx_word' id='word_1_40' title='bbox 1242 686 1284 723; x_wconf 90' lang='lat' dir='ltr'>et</span> <span class='ocrx_word' id='word_1_41' title='bbox 1305 696 1404 723; x_wconf 88' lang='lat' dir='ltr'>cum</span> <span class='ocrx_word' id='word_1_42' title='bbox 1426 682 1624 724; x_wconf 88' lang='lat' dir='ltr'>omnibus</span> 
     </span>
     <span class='ocr_line' id='line_1_6' title="bbox 107 746 1624 801; baseline 0.002 -15"><span class='ocrx_word' id='word_1_43' title='bbox 107 746 201 787; x_wconf 90' lang='lat' dir='ltr'>aliis</span> <span class='ocrx_word' id='word_1_44' title='bbox 223 747 499 801; x_wconf 68' lang='lat' dir='ltr'>pertinenciis</span> <span class='ocrx_word' id='word_1_45' title='bbox 516 747 653 788; x_wconf 80' lang='lat' dir='ltr'>z—Ita</span> <span class='ocrx_word' id='word_1_46' title='bbox 674 747 762 788; x_wconf 90' lang='lat' dir='ltr'>scil.</span> <span class='ocrx_word' id='word_1_47' title='bbox 782 748 895 801; x_wconf 89' lang='lat' dir='ltr'>quod</span> <span class='ocrx_word' id='word_1_48' title='bbox 917 761 994 788; x_wconf 92' lang='lat' dir='ltr'>nec</span> <span class='ocrx_word' id='word_1_49' title='bbox 1016 761 1090 801; x_wconf 82' lang='lat' dir='ltr'>ego</span> <span class='ocrx_word' id='word_1_50' title='bbox 1112 762 1189 789; x_wconf 89' lang='lat' dir='ltr'>nec</span> <span class='ocrx_word' id='word_1_51' title='bbox 1210 748 1306 790; x_wconf 84' lang='lat' dir='ltr'>haer.</span> <span class='ocrx_word' id='word_1_52' title='bbox 1325 749 1409 791; x_wconf 91' lang='grc'>11101</span> <span class='ocrx_word' id='word_1_53' title='bbox 1429 749 1474 790; x_wconf 86' lang='grc'>111</span> <span class='ocrx_word' id='word_1_54' title='bbox 1497 749 1624 789; x_wconf 88' lang='lat' dir='ltr'>advo-</span> 
     </span>
     <span class='ocr_line' id='line_1_7' title="bbox 107 813 1622 868; baseline 0.001 -15"><span class='ocrx_word' id='word_1_55' title='bbox 107 813 271 854; x_wconf 89' lang='lat' dir='ltr'>catione</span> <span class='ocrx_word' id='word_1_56' title='bbox 307 814 433 867; x_wconf 72' lang='lat' dir='ltr'>praed.</span> <span class='ocrx_word' id='word_1_57' title='bbox 467 813 591 862; x_wconf 85' lang='lat' dir='ltr'>Eccl.‚</span> <span class='ocrx_word' id='word_1_58' title='bbox 629 826 706 854; x_wconf 87' lang='lat' dir='ltr'>nec</span> <span class='ocrx_word' id='word_1_59' title='bbox 738 813 784 853; x_wconf 91' lang='lat' dir='ltr'>in</span> <span class='ocrx_word' id='word_1_60' title='bbox 819 813 908 854; x_wconf 85' lang='lat' dir='ltr'>t&#39;ris</span> <span class='ocrx_word' id='word_1_61' title='bbox 940 818 982 854; x_wconf 92' lang='lat' dir='ltr'>et</span> <span class='ocrx_word' id='word_1_62' title='bbox 1017 817 1170 856; x_wconf 87' lang='lat' dir='ltr'>tenem.</span> <span class='ocrx_word' id='word_1_63' title='bbox 1202 816 1340 868; x_wconf 71' lang='lat' dir='ltr'>praed.7</span> <span class='ocrx_word' id='word_1_64' title='bbox 1376 816 1445 857; x_wconf 86' lang='lat' dir='ltr'>vel</span> <span class='ocrx_word' id='word_1_65' title='bbox 1477 828 1622 856; x_wconf 90' lang='lat' dir='ltr'>eorum</span> 
     </span>
     <span class='ocr_line' id='line_1_8' title="bbox 106 879 1622 936; baseline 0.002 -17"><span class='ocrx_word' id='word_1_66' title='bbox 106 879 393 932; x_wconf 86' lang='lat' dir='ltr'>pertinenciis,</span> <span class='ocrx_word' id='word_1_67' title='bbox 415 879 576 933; x_wconf 87' lang='lat' dir='ltr'>aliquid</span> <span class='ocrx_word' id='word_1_68' title='bbox 594 879 704 933; x_wconf 88' lang='lat' dir='ltr'>juris</span> <span class='ocrx_word' id='word_1_69' title='bbox 725 879 794 920; x_wconf 86' lang='lat' dir='ltr'>vel</span> <span class='ocrx_word' id='word_1_70' title='bbox 811 880 954 920; x_wconf 90' lang='lat' dir='ltr'>clamii</span> <span class='ocrx_word' id='word_1_71' title='bbox 970 880 1195 922; x_wconf 80' lang='lat' dir='ltr'>vendicare</span> <span class='ocrx_word' id='word_1_72' title='bbox 1217 882 1287 922; x_wconf 87' lang='lat' dir='ltr'>vel</span> <span class='ocrx_word' id='word_1_73' title='bbox 1309 882 1474 936; x_wconf 77' lang='lat' dir='ltr'>exigere</span> <span class='ocrx_word' id='word_1_74' title='bbox 1505 884 1622 935; x_wconf 90' lang='lat' dir='ltr'>pote-</span> 
     </span>
     <span class='ocr_line' id='line_1_9' title="bbox 106 944 1623 1002; baseline 0.001 -18"><span class='ocrx_word' id='word_1_75' title='bbox 106 944 238 985; x_wconf 82' lang='lat' dir='ltr'><strong>rimus</strong></span> <span class='ocrx_word' id='word_1_76' title='bbox 269 946 315 985; x_wconf 92' lang='grc'>111</span> <span class='ocrx_word' id='word_1_77' title='bbox 347 949 611 999; x_wconf 89' lang='lat' dir='ltr'>perpetuum.</span> <span class='ocrx_word' id='word_1_78' title='bbox 675 944 992 999; x_wconf 74' lang='lat' dir='ltr'>Conces(24b)si</span> <span class='ocrx_word' id='word_1_79' title='bbox 1026 946 1155 987; x_wconf 86' lang='lat' dir='ltr'>etiam</span> <span class='ocrx_word' id='word_1_80' title='bbox 1187 947 1347 988; x_wconf 87' lang='lat' dir='ltr'>eisdem</span> <span class='ocrx_word' id='word_1_81' title='bbox 1378 962 1452 1002; x_wconf 87' lang='lat' dir='ltr'>pro</span> <span class='ocrx_word' id='word_1_82' title='bbox 1483 960 1550 987; x_wconf 92' lang='lat' dir='ltr'>me</span> <span class='ocrx_word' id='word_1_83' title='bbox 1581 950 1623 987; x_wconf 93' lang='lat' dir='ltr'>et</span> 
     </span>
     <span class='ocr_line' id='line_1_10' title="bbox 105 1010 1621 1067; baseline 0.001 -17"><span class='ocrx_word' id='word_1_84' title='bbox 105 1010 202 1051; x_wconf 81' lang='lat' dir='ltr'>haer.</span> <span class='ocrx_word' id='word_1_85' title='bbox 235 1011 341 1052; x_wconf 91' lang='lat' dir='ltr'>meis</span> <span class='ocrx_word' id='word_1_86' title='bbox 364 1011 477 1065; x_wconf 88' lang='lat' dir='ltr'>quod</span> <span class='ocrx_word' id='word_1_87' title='bbox 509 1025 585 1052; x_wconf 91' lang='lat' dir='ltr'>nos</span> <span class='ocrx_word' id='word_1_88' title='bbox 609 1011 660 1052; x_wconf 90' lang='lat' dir='ltr'>de</span> <span class='ocrx_word' id='word_1_89' title='bbox 682 1015 831 1053; x_wconf 77' lang='grc'>0101010</span> <span class='ocrx_word' id='word_1_90' title='bbox 855 1012 905 1053; x_wconf 88' lang='lat' dir='ltr'>de</span> <span class='ocrx_word' id='word_1_91' title='bbox 937 1012 1027 1053; x_wconf 86' lang='lat' dir='ltr'>t&#39;ris</span> <span class='ocrx_word' id='word_1_92' title='bbox 1050 1016 1092 1053; x_wconf 91' lang='lat' dir='ltr'>et</span> <span class='ocrx_word' id='word_1_93' title='bbox 1113 1017 1194 1054; x_wconf 89' lang='lat' dir='ltr'>ten.</span> <span class='ocrx_word' id='word_1_94' title='bbox 1219 1014 1347 1067; x_wconf 68' lang='lat' dir='ltr'>praed.</span> <span class='ocrx_word' id='word_1_95' title='bbox 1371 1014 1537 1054; x_wconf 87' lang='lat' dir='ltr'>nullam</span> <span class='ocrx_word' id='word_1_96' title='bbox 1568 1012 1621 1053; x_wconf 87' lang='lat' dir='ltr'>ad</span> 
     </span>
     <span class='ocr_line' id='line_1_11' title="bbox 106 1077 1620 1131; baseline 0.001 -14"><span class='ocrx_word' id='word_1_97' title='bbox 106 1077 267 1118; x_wconf 91' lang='lat' dir='ltr'>curiam</span> <span class='ocrx_word' id='word_1_98' title='bbox 289 1078 340 1118; x_wconf 90' lang='lat' dir='ltr'>de</span> <span class='ocrx_word' id='word_1_99' title='bbox 361 1078 503 1119; x_wconf 87' lang='lat' dir='ltr'>Atona</span> <span class='ocrx_word' id='word_1_100' title='bbox 525 1092 603 1119; x_wconf 89' lang='grc'>1100</span> <span class='ocrx_word' id='word_1_101' title='bbox 625 1077 814 1131; x_wconf 82' lang='lat' dir='ltr'>aliquam</span> <span class='ocrx_word' id='word_1_102' title='bbox 846 1078 975 1119; x_wconf 90' lang='lat' dir='ltr'>aliam</span> <span class='ocrx_word' id='word_1_103' title='bbox 1005 1079 1180 1129; x_wconf 88' lang='lat' dir='ltr'>curiam,</span> <span class='ocrx_word' id='word_1_104' title='bbox 1202 1093 1279 1121; x_wconf 93' lang='grc'>1100</span> <span class='ocrx_word' id='word_1_105' title='bbox 1302 1080 1431 1121; x_wconf 89' lang='lat' dir='ltr'>etiam</span> <span class='ocrx_word' id='word_1_106' title='bbox 1462 1083 1620 1121; x_wconf 88' lang='lat' dir='ltr'>sectam</span> 
     </span>
     <span class='ocr_line' id='line_1_12' title="bbox 106 1143 1621 1199; baseline 0.001 -16"><span class='ocrx_word' id='word_1_107' title='bbox 106 1143 159 1184; x_wconf 88' lang='lat' dir='ltr'>ad</span> <span class='ocrx_word' id='word_1_108' title='bbox 190 1144 484 1184; x_wconf 84' lang='lat' dir='ltr'>molendinum</span> <span class='ocrx_word' id='word_1_109' title='bbox 505 1144 558 1185; x_wconf 90' lang='lat' dir='ltr'>de</span> <span class='ocrx_word' id='word_1_110' title='bbox 579 1144 734 1194; x_wconf 90' lang='lat' dir='ltr'>Atona,</span> <span class='ocrx_word' id='word_1_111' title='bbox 757 1158 834 1185; x_wconf 89' lang='lat' dir='ltr'>nec</span> <span class='ocrx_word' id='word_1_112' title='bbox 865 1144 979 1193; x_wconf 90' lang='lat' dir='ltr'>alibi,</span> <span class='ocrx_word' id='word_1_113' title='bbox 1002 1145 1170 1199; x_wconf 80' lang='lat' dir='ltr'>exigere</span> <span class='ocrx_word' id='word_1_114' title='bbox 1201 1147 1435 1199; x_wconf 70' lang='lat' dir='ltr'>poterimus</span> <span class='ocrx_word' id='word_1_115' title='bbox 1466 1146 1621 1199; x_wconf 86' lang='lat' dir='ltr'>imper-</span> 
     </span>
     <span class='ocr_line' id='line_1_13' title="bbox 104 1210 1621 1266; baseline 0.001 -17"><span class='ocrx_word' id='word_1_116' title='bbox 104 1214 294 1262; x_wconf 86' lang='lat' dir='ltr'>petuum.</span> <span class='ocrx_word' id='word_1_117' title='bbox 359 1210 560 1251; x_wconf 84' lang='lat' dir='ltr'>Concessi</span> <span class='ocrx_word' id='word_1_118' title='bbox 594 1210 724 1251; x_wconf 89' lang='lat' dir='ltr'>etiam</span> <span class='ocrx_word' id='word_1_119' title='bbox 761 1214 803 1251; x_wconf 83' lang='lat' dir='ltr'>et</span> <span class='ocrx_word' id='word_1_120' title='bbox 840 1211 948 1251; x_wconf 88' lang='lat' dir='ltr'>conf.</span> <span class='ocrx_word' id='word_1_121' title='bbox 988 1211 1150 1252; x_wconf 86' lang='lat' dir='ltr'>eisdem</span> <span class='ocrx_word' id='word_1_122' title='bbox 1182 1225 1284 1253; x_wconf 89' lang='lat' dir='ltr'>com.</span> <span class='ocrx_word' id='word_1_123' title='bbox 1317 1217 1537 1266; x_wconf 73' lang='lat' dir='ltr'>pasturam</span> <span class='ocrx_word' id='word_1_124' title='bbox 1568 1211 1621 1252; x_wconf 90' lang='lat' dir='ltr'>ad</span> 
     </span>
     <span class='ocr_line' id='line_1_14' title="bbox 104 1276 1622 1332; baseline 0.001 -16"><span class='ocrx_word' id='word_1_125' title='bbox 104 1276 231 1329; x_wconf 85' lang='lat' dir='ltr'>praed.</span> <span class='ocrx_word' id='word_1_126' title='bbox 254 1276 374 1316; x_wconf 89' lang='lat' dir='ltr'>t&#39;ram</span> <span class='ocrx_word' id='word_1_127' title='bbox 395 1276 828 1330; x_wconf 87' lang='lat' dir='ltr'>pertinentem—scil.</span> <span class='ocrx_word' id='word_1_128' title='bbox 852 1277 903 1317; x_wconf 90' lang='lat' dir='ltr'>ad</span> <span class='ocrx_word' id='word_1_129' title='bbox 928 1280 1021 1317; x_wconf 92' lang='lat' dir='ltr'>octo</span> <span class='ocrx_word' id='word_1_130' title='bbox 1052 1277 1181 1319; x_wconf 88' lang='lat' dir='ltr'>boves</span> <span class='ocrx_word' id='word_1_131' title='bbox 1214 1282 1256 1319; x_wconf 91' lang='lat' dir='ltr'>et</span> <span class='ocrx_word' id='word_1_132' title='bbox 1277 1282 1459 1332; x_wconf 88' lang='lat' dir='ltr'>quatuor</span> <span class='ocrx_word' id='word_1_133' title='bbox 1480 1291 1622 1332; x_wconf 85' lang='lat' dir='ltr'>equos,</span> 
     </span>
     <span class='ocr_line' id='line_1_15' title="bbox 107 1342 1622 1396; baseline 0.001 -15"><span class='ocrx_word' id='word_1_134' title='bbox 107 1355 205 1382; x_wconf 91' lang='lat' dir='ltr'>cum</span> <span class='ocrx_word' id='word_1_135' title='bbox 225 1342 356 1383; x_wconf 89' lang='lat' dir='ltr'>libero</span> <span class='ocrx_word' id='word_1_136' title='bbox 381 1343 575 1396; x_wconf 84' lang='lat' dir='ltr'>ingressu</span> <span class='ocrx_word' id='word_1_137' title='bbox 596 1347 639 1383; x_wconf 87' lang='lat' dir='ltr'>et</span> <span class='ocrx_word' id='word_1_138' title='bbox 670 1356 850 1396; x_wconf 80' lang='lat' dir='ltr'>egressu.</span> <span class='ocrx_word' id='word_1_139' title='bbox 915 1343 1115 1384; x_wconf 85' lang='lat' dir='ltr'>Concessi</span> <span class='ocrx_word' id='word_1_140' title='bbox 1146 1344 1276 1385; x_wconf 89' lang='lat' dir='ltr'>etiam</span> <span class='ocrx_word' id='word_1_141' title='bbox 1309 1344 1467 1386; x_wconf 88' lang='lat' dir='ltr'>eisdem</span> <span class='ocrx_word' id='word_1_142' title='bbox 1497 1358 1622 1393; x_wconf 79' lang='lat' dir='ltr'>mon,</span> 
     </span>
     <span class='ocr_line' id='line_1_16' title="bbox 106 1409 1622 1465; baseline 0 -16"><span class='ocrx_word' id='word_1_143' title='bbox 106 1421 336 1463; x_wconf 88' lang='lat' dir='ltr'>eorumque</span> <span class='ocrx_word' id='word_1_144' title='bbox 372 1409 699 1458; x_wconf 83' lang='lat' dir='ltr'>successoribus,</span> <span class='ocrx_word' id='word_1_145' title='bbox 731 1409 844 1463; x_wconf 91' lang='lat' dir='ltr'>quod</span> <span class='ocrx_word' id='word_1_146' title='bbox 877 1409 1004 1450; x_wconf 86' lang='lat' dir='ltr'>liceat</span> <span class='ocrx_word' id='word_1_147' title='bbox 1035 1410 1096 1450; x_wconf 87' lang='lat' dir='ltr'>eis</span> <span class='ocrx_word' id='word_1_148' title='bbox 1129 1411 1271 1451; x_wconf 86' lang='lat' dir='ltr'>averia</span> <span class='ocrx_word' id='word_1_149' title='bbox 1304 1425 1380 1451; x_wconf 90' lang='lat' dir='ltr'>sua</span> <span class='ocrx_word' id='word_1_150' title='bbox 1412 1414 1622 1465; x_wconf 87' lang='lat' dir='ltr'>quotquot</span> 
     </span>
     <span class='ocr_line' id='line_1_17' title="bbox 107 1474 1621 1530; baseline 0.001 -16"><span class='ocrx_word' id='word_1_151' title='bbox 107 1474 323 1515; x_wconf 87' lang='lat' dir='ltr'>voluerint</span> <span class='ocrx_word' id='word_1_152' title='bbox 352 1475 398 1515; x_wconf 91' lang='lat' dir='ltr'>in</span> <span class='ocrx_word' id='word_1_153' title='bbox 428 1488 551 1529; x_wconf 84' lang='lat' dir='ltr'>yeme</span> <span class='ocrx_word' id='word_1_154' title='bbox 582 1475 696 1529; x_wconf 87' lang='lat' dir='ltr'>apud</span> <span class='ocrx_word' id='word_1_155' title='bbox 717 1475 906 1515; x_wconf 87' lang='lat' dir='ltr'>Atonam</span> <span class='ocrx_word' id='word_1_156' title='bbox 937 1474 1091 1516; x_wconf 88' lang='lat' dir='ltr'>habere</span> <span class='ocrx_word' id='word_1_157' title='bbox 1120 1479 1162 1516; x_wconf 90' lang='lat' dir='ltr'>et</span> <span class='ocrx_word' id='word_1_158' title='bbox 1183 1477 1376 1525; x_wconf 80' lang='lat' dir='ltr'>retinere,</span> <span class='ocrx_word' id='word_1_159' title='bbox 1398 1481 1451 1526; x_wconf 84' lang='lat' dir='ltr'>et,</span> <span class='ocrx_word' id='word_1_160' title='bbox 1473 1489 1621 1530; x_wconf 90' lang='lat' dir='ltr'>quam-</span> 
     </span>
     <span class='ocr_line' id='line_1_18' title="bbox 107 1540 1623 1594; baseline 0.001 -14"><span class='ocrx_word' id='word_1_161' title='bbox 107 1540 181 1581; x_wconf 85' lang='lat' dir='ltr'>diu</span> <span class='ocrx_word' id='word_1_162' title='bbox 221 1541 381 1582; x_wconf 87' lang='lat' dir='ltr'>ibidem</span> <span class='ocrx_word' id='word_1_163' title='bbox 431 1555 592 1581; x_wconf 89' lang='lat' dir='ltr'>moram</span> <span class='ocrx_word' id='word_1_164' title='bbox 642 1541 831 1589; x_wconf 87' lang='lat' dir='ltr'>fecerint,</span> <span class='ocrx_word' id='word_1_165' title='bbox 874 1540 987 1594; x_wconf 88' lang='lat' dir='ltr'>quod</span> <span class='ocrx_word' id='word_1_166' title='bbox 1039 1541 1181 1581; x_wconf 89' lang='lat' dir='ltr'>omnia</span> <span class='ocrx_word' id='word_1_167' title='bbox 1221 1542 1471 1582; x_wconf 76' lang='lat' dir='ltr'>aisiamenta</span> <span class='ocrx_word' id='word_1_168' title='bbox 1511 1541 1623 1582; x_wconf 84' lang='lat' dir='ltr'>infra</span> 
     </span>
     <span class='ocr_line' id='line_1_19' title="bbox 107 1605 1621 1661; baseline 0.001 -15"><span class='ocrx_word' id='word_1_169' title='bbox 107 1605 256 1646; x_wconf 81' lang='lat' dir='ltr'>villam</span> <span class='ocrx_word' id='word_1_170' title='bbox 278 1607 329 1646; x_wconf 91' lang='lat' dir='ltr'>de</span> <span class='ocrx_word' id='word_1_171' title='bbox 351 1607 494 1646; x_wconf 90' lang='lat' dir='ltr'>Atona</span> <span class='ocrx_word' id='word_1_172' title='bbox 524 1606 711 1646; x_wconf 87' lang='lat' dir='ltr'>habeant</span> <span class='ocrx_word' id='word_1_173' title='bbox 733 1606 786 1646; x_wconf 90' lang='lat' dir='ltr'>ad</span> <span class='ocrx_word' id='word_1_174' title='bbox 817 1605 957 1646; x_wconf 82' lang='lat' dir='ltr'>averia</span> <span class='ocrx_word' id='word_1_175' title='bbox 978 1606 1103 1659; x_wconf 78' lang='lat' dir='ltr'>praed.</span> <span class='ocrx_word' id='word_1_176' title='bbox 1127 1607 1285 1660; x_wconf 86' lang='lat' dir='ltr'>absque</span> <span class='ocrx_word' id='word_1_177' title='bbox 1316 1607 1621 1661; x_wconf 87' lang='lat' dir='ltr'>impedimento</span> 
     </span>
     <span class='ocr_line' id='line_1_20' title="bbox 109 1672 1622 1727; baseline 0.002 -16"><span class='ocrx_word' id='word_1_178' title='bbox 109 1672 194 1712; x_wconf 88' lang='lat' dir='ltr'>mei</span> <span class='ocrx_word' id='word_1_179' title='bbox 214 1672 282 1713; x_wconf 92' lang='lat' dir='ltr'>vel</span> <span class='ocrx_word' id='word_1_180' title='bbox 313 1672 412 1713; x_wconf 82' lang='lat' dir='ltr'>haer.</span> <span class='ocrx_word' id='word_1_181' title='bbox 433 1685 626 1713; x_wconf 90' lang='lat' dir='ltr'>meorum</span> <span class='ocrx_word' id='word_1_182' title='bbox 657 1672 702 1712; x_wconf 92' lang='lat' dir='ltr'>in</span> <span class='ocrx_word' id='word_1_183' title='bbox 723 1675 991 1725; x_wconf 88' lang='lat' dir='ltr'>perpetuum,</span> <span class='ocrx_word' id='word_1_184' title='bbox 1014 1676 1056 1712; x_wconf 91' lang='grc'>01</span> <span class='ocrx_word' id='word_1_185' title='bbox 1078 1673 1193 1725; x_wconf 88' lang='lat' dir='ltr'>quod</span> <span class='ocrx_word' id='word_1_186' title='bbox 1223 1673 1354 1714; x_wconf 88' lang='lat' dir='ltr'>libere</span> <span class='ocrx_word' id='word_1_187' title='bbox 1384 1673 1552 1727; x_wconf 86' lang='lat' dir='ltr'>possint</span> <span class='ocrx_word' id='word_1_188' title='bbox 1574 1687 1622 1714; x_wconf 88' lang='lat' dir='ltr'>ea</span> 
     </span>
     <span class='ocr_line' id='line_1_21' title="bbox 112 1738 1622 1791; baseline 0.001 -13"><span class='ocrx_word' id='word_1_189' title='bbox 112 1738 321 1791; x_wconf 84' lang='lat' dir='ltr'>adaquare</span> <span class='ocrx_word' id='word_1_190' title='bbox 353 1738 407 1778; x_wconf 92' lang='lat' dir='ltr'>ad</span> <span class='ocrx_word' id='word_1_191' title='bbox 438 1752 594 1791; x_wconf 89' lang='lat' dir='ltr'>aquam</span> <span class='ocrx_word' id='word_1_192' title='bbox 625 1742 867 1779; x_wconf 88' lang='lat' dir='ltr'>currentem</span> <span class='ocrx_word' id='word_1_193' title='bbox 896 1751 971 1791; x_wconf 89' lang='lat' dir='ltr'>per</span> <span class='ocrx_word' id='word_1_194' title='bbox 1002 1738 1187 1779; x_wconf 88' lang='lat' dir='ltr'>mediam</span> <span class='ocrx_word' id='word_1_195' title='bbox 1218 1739 1368 1779; x_wconf 86' lang='lat' dir='ltr'>villam</span> <span class='ocrx_word' id='word_1_196' title='bbox 1398 1739 1449 1780; x_wconf 88' lang='lat' dir='ltr'>de</span> <span class='ocrx_word' id='word_1_197' title='bbox 1481 1740 1622 1780; x_wconf 86' lang='lat' dir='ltr'>Atona</span> 
     </span>
     <span class='ocr_line' id='line_1_22' title="bbox 108 1804 1621 1859; baseline 0.001 -14"><span class='ocrx_word' id='word_1_198' title='bbox 108 1805 199 1845; x_wconf 87' lang='lat' dir='ltr'>sine</span> <span class='ocrx_word' id='word_1_199' title='bbox 230 1804 535 1859; x_wconf 90' lang='lat' dir='ltr'>impedimento</span> <span class='ocrx_word' id='word_1_200' title='bbox 567 1804 652 1844; x_wconf 91' lang='lat' dir='ltr'>mei</span> <span class='ocrx_word' id='word_1_201' title='bbox 683 1804 753 1845; x_wconf 88' lang='lat' dir='ltr'>vel</span> <span class='ocrx_word' id='word_1_202' title='bbox 784 1804 881 1844; x_wconf 80' lang='lat' dir='ltr'>haer.</span> <span class='ocrx_word' id='word_1_203' title='bbox 911 1817 1111 1846; x_wconf 86' lang='lat' dir='ltr'>meorum.</span> <span class='ocrx_word' id='word_1_204' title='bbox 1172 1806 1229 1846; x_wconf 89' lang='lat' dir='ltr'>Et</span> <span class='ocrx_word' id='word_1_205' title='bbox 1260 1805 1295 1846; x_wconf 91' lang='lat' dir='ltr'>si</span> <span class='ocrx_word' id='word_1_206' title='bbox 1317 1805 1459 1859; x_wconf 89' lang='lat' dir='ltr'>aliqua</span> <span class='ocrx_word' id='word_1_207' title='bbox 1481 1807 1621 1847; x_wconf 87' lang='lat' dir='ltr'>averia</span> 
     </span>
     <span class='ocr_line' id='line_1_23' title="bbox 109 1870 1619 1924; baseline 0.001 -13"><span class='ocrx_word' id='word_1_208' title='bbox 109 1871 319 1912; x_wconf 89' lang='lat' dir='ltr'>dictorum</span> <span class='ocrx_word' id='word_1_209' title='bbox 349 1884 460 1911; x_wconf 90' lang='lat' dir='ltr'>mon.</span> <span class='ocrx_word' id='word_1_210' title='bbox 494 1871 538 1910; x_wconf 91' lang='lat' dir='ltr'>in</span> <span class='ocrx_word' id='word_1_211' title='bbox 569 1870 706 1911; x_wconf 85' lang='lat' dir='ltr'>bladis</span> <span class='ocrx_word' id='word_1_212' title='bbox 739 1870 808 1911; x_wconf 87' lang='lat' dir='ltr'>vel</span> <span class='ocrx_word' id='word_1_213' title='bbox 838 1870 884 1910; x_wconf 89' lang='lat' dir='ltr'>in</span> <span class='ocrx_word' id='word_1_214' title='bbox 914 1870 1047 1924; x_wconf 84' lang='lat' dir='ltr'>pratis</span> <span class='ocrx_word' id='word_1_215' title='bbox 1080 1871 1185 1912; x_wconf 90' lang='lat' dir='ltr'>meis</span> <span class='ocrx_word' id='word_1_216' title='bbox 1217 1872 1504 1922; x_wconf 79' lang='lat' dir='ltr'>inveniantur,</span> <span class='ocrx_word' id='word_1_217' title='bbox 1530 1873 1619 1914; x_wconf 88' lang='lat' dir='ltr'>sine</span> 
     </span>
     <span class='ocr_line' id='line_1_24' title="bbox 110 1936 1620 1990; baseline 0.003 -13"><span class='ocrx_word' id='word_1_218' title='bbox 110 1937 306 1990; x_wconf 87' lang='lat' dir='ltr'>dampno,</span> <span class='ocrx_word' id='word_1_219' title='bbox 323 1937 410 1977; x_wconf 87' lang='lat' dir='ltr'>sint</span> <span class='ocrx_word' id='word_1_220' title='bbox 426 1937 670 1990; x_wconf 87' lang='lat' dir='ltr'>imparcata,</span> <span class='ocrx_word' id='word_1_221' title='bbox 688 1939 730 1977; x_wconf 92' lang='grc'>01</span> <span class='ocrx_word' id='word_1_222' title='bbox 753 1936 844 1977; x_wconf 90' lang='lat' dir='ltr'>sine</span> <span class='ocrx_word' id='word_1_223' title='bbox 866 1936 1010 1990; x_wconf 89' lang='lat' dir='ltr'>aliqua</span> <span class='ocrx_word' id='word_1_224' title='bbox 1032 1937 1365 1980; x_wconf 75' lang='lat' dir='ltr'>contradictione</span> <span class='ocrx_word' id='word_1_225' title='bbox 1383 1940 1452 1981; x_wconf 88' lang='lat' dir='ltr'>vel</span> <span class='ocrx_word' id='word_1_226' title='bbox 1473 1941 1620 1981; x_wconf 80' lang='lat' dir='ltr'>fraude</span> 
     </span>
     <span class='ocr_line' id='line_1_25' title="bbox 109 2002 1620 2060; baseline 0.003 -18"><span class='ocrx_word' id='word_1_227' title='bbox 109 2002 238 2043; x_wconf 91' lang='lat' dir='ltr'>alicui</span> <span class='ocrx_word' id='word_1_228' title='bbox 277 2002 566 2056; x_wconf 80' lang='lat' dir='ltr'>replegiantur</span> <span class='ocrx_word' id='word_1_229' title='bbox 607 2002 842 2043; x_wconf 85' lang='lat' dir='ltr'>secundum</span> <span class='ocrx_word' id='word_1_230' title='bbox 884 2003 1239 2044; x_wconf 86' lang='lat' dir='ltr'>consuetudinem</span> <span class='ocrx_word' id='word_1_231' title='bbox 1279 2005 1400 2059; x_wconf 83' lang='lat' dir='ltr'>regni</span> <span class='ocrx_word' id='word_1_232' title='bbox 1440 2007 1620 2060; x_wconf 74' lang='lat' dir='ltr'>Angliae.</span> 
     </span>
     <span class='ocr_line' id='line_1_26' title="bbox 111 2068 1619 2126; baseline 0.003 -17"><span class='ocrx_word' id='word_1_233' title='bbox 111 2068 309 2110; x_wconf 85' lang='lat' dir='ltr'>Concessi</span> <span class='ocrx_word' id='word_1_234' title='bbox 331 2072 372 2109; x_wconf 89' lang='lat' dir='ltr'>et</span> <span class='ocrx_word' id='word_1_235' title='bbox 393 2083 460 2122; x_wconf 79' lang='lat' dir='ltr'>qu,</span> <span class='ocrx_word' id='word_1_236' title='bbox 493 2068 675 2109; x_wconf 86' lang='lat' dir='ltr'>clamavi</span> <span class='ocrx_word' id='word_1_237' title='bbox 706 2069 866 2110; x_wconf 90' lang='lat' dir='ltr'>eisdem</span> <span class='ocrx_word' id='word_1_238' title='bbox 897 2073 1038 2109; x_wconf 87' lang='lat' dir='ltr'>totum</span> <span class='ocrx_word' id='word_1_239' title='bbox 1064 2069 1135 2122; x_wconf 86' lang='lat' dir='ltr'>jus</span> <span class='ocrx_word' id='word_1_240' title='bbox 1169 2070 1247 2124; x_wconf 89' lang='lat' dir='ltr'>[et]</span> <span class='ocrx_word' id='word_1_241' title='bbox 1272 2071 1474 2113; x_wconf 89' lang='lat' dir='ltr'>clamium</span> <span class='ocrx_word' id='word_1_242' title='bbox 1505 2074 1619 2126; x_wconf 88' lang='lat' dir='ltr'>quod</span> 
     </span>
     <span class='ocr_line' id='line_1_27' title="bbox 110 2134 1619 2189; baseline 0.003 -15"><span class='ocrx_word' id='word_1_243' title='bbox 110 2134 242 2175; x_wconf 87' lang='lat' dir='ltr'>habui</span> <span class='ocrx_word' id='word_1_244' title='bbox 272 2134 342 2175; x_wconf 87' lang='lat' dir='ltr'>vel</span> <span class='ocrx_word' id='word_1_245' title='bbox 377 2134 532 2176; x_wconf 87' lang='lat' dir='ltr'>habere</span> <span class='ocrx_word' id='word_1_246' title='bbox 568 2135 691 2188; x_wconf 92' lang='lat' dir='ltr'>potui</span> <span class='ocrx_word' id='word_1_247' title='bbox 727 2135 772 2175; x_wconf 92' lang='lat' dir='ltr'>in</span> <span class='ocrx_word' id='word_1_248' title='bbox 809 2134 1065 2188; x_wconf 88' lang='lat' dir='ltr'>quibusdam</span> <span class='ocrx_word' id='word_1_249' title='bbox 1106 2136 1328 2189; x_wconf 84' lang='lat' dir='ltr'>particulis</span> <span class='ocrx_word' id='word_1_250' title='bbox 1364 2137 1537 2178; x_wconf 86' lang='lat' dir='ltr'>t⁷rarum</span> <span class='ocrx_word' id='word_1_251' title='bbox 1569 2139 1619 2179; x_wconf 84' lang='lat' dir='ltr'>de</span> 
     </span>
     <span class='ocr_line' id='line_1_28' title="bbox 111 2199 1620 2257; baseline 0.003 -17"><span class='ocrx_word' id='word_1_252' title='bbox 111 2200 266 2253; x_wconf 89' lang='lat' dir='ltr'>quibus</span> <span class='ocrx_word' id='word_1_253' title='bbox 296 2199 562 2254; x_wconf 88' lang='lat' dir='ltr'>implacitavi</span> <span class='ocrx_word' id='word_1_254' title='bbox 591 2201 683 2254; x_wconf 84' lang='lat'>(25)</span> <span class='ocrx_word' id='word_1_255' title='bbox 710 2200 923 2241; x_wconf 89' lang='lat' dir='ltr'>Abbatem</span> <span class='ocrx_word' id='word_1_256' title='bbox 955 2204 995 2240; x_wconf 84' lang='lat' dir='ltr'>et</span> <span class='ocrx_word' id='word_1_257' title='bbox 1029 2200 1300 2242; x_wconf 84' lang='lat' dir='ltr'>Conventum</span> <span class='ocrx_word' id='word_1_258' title='bbox 1332 2202 1383 2243; x_wconf 91' lang='lat' dir='ltr'>de</span> <span class='ocrx_word' id='word_1_259' title='bbox 1414 2203 1620 2257; x_wconf 75' lang='lat' dir='ltr'>Whiteby</span> 
     </span>
     <span class='ocr_line' id='line_1_29' title="bbox 111 2266 1619 2320; baseline 0.003 -14"><span class='ocrx_word' id='word_1_260' title='bbox 111 2279 185 2319; x_wconf 88' lang='lat' dir='ltr'>per</span> <span class='ocrx_word' id='word_1_261' title='bbox 206 2266 332 2307; x_wconf 88' lang='lat' dir='ltr'>breve</span> <span class='ocrx_word' id='word_1_262' title='bbox 353 2279 473 2306; x_wconf 84' lang='grc' dir='ltr'>11ον10</span> <span class='ocrx_word' id='word_1_263' title='bbox 488 2266 722 2307; x_wconf 82' lang='lat' dir='ltr'>disseisinae</span> <span class='ocrx_word' id='word_1_264' title='bbox 739 2279 878 2307; x_wconf 88' lang='lat' dir='ltr'>coram</span> <span class='ocrx_word' id='word_1_265' title='bbox 894 2266 1082 2307; x_wconf 88' lang='lat' dir='ltr'>Domino</span> <span class='ocrx_word' id='word_1_266' title='bbox 1100 2267 1279 2308; x_wconf 85' lang='lat' dir='ltr'>Ricardo</span> <span class='ocrx_word' id='word_1_267' title='bbox 1297 2268 1348 2308; x_wconf 90' lang='lat' dir='ltr'>de</span> <span class='ocrx_word' id='word_1_268' title='bbox 1364 2268 1619 2320; x_wconf 86' lang='lat' dir='ltr'>Middleton,</span> 
     </span>
     <span class='ocr_line' id='line_1_30' title="bbox 111 2332 1621 2388; baseline 0.003 -16"><span class='ocrx_word' id='word_1_269' title='bbox 111 2336 215 2373; x_wconf 87' lang='grc'>111110</span> <span class='ocrx_word' id='word_1_270' title='bbox 236 2333 265 2373; x_wconf 86' lang='lat' dir='ltr'>J</span> <span class='ocrx_word' id='word_1_271' title='bbox 268 2333 482 2374; x_wconf 88' lang='lat' dir='ltr'>usticiario</span> <span class='ocrx_word' id='word_1_272' title='bbox 508 2333 686 2373; x_wconf 89' lang='lat' dir='ltr'>Domini</span> <span class='ocrx_word' id='word_1_273' title='bbox 719 2333 856 2386; x_wconf 79' lang='lat' dir='ltr'>Regis,</span> <span class='ocrx_word' id='word_1_274' title='bbox 879 2332 931 2373; x_wconf 92' lang='lat' dir='ltr'>ad</span> <span class='ocrx_word' id='word_1_275' title='bbox 963 2332 1042 2373; x_wconf 91' lang='lat' dir='ltr'>hoc</span> <span class='ocrx_word' id='word_1_276' title='bbox 1065 2333 1278 2387; x_wconf 81' lang='lat' dir='ltr'>assignato</span> <span class='ocrx_word' id='word_1_277' title='bbox 1301 2334 1414 2388; x_wconf 86' lang='lat' dir='ltr'>apud</span> <span class='ocrx_word' id='word_1_278' title='bbox 1446 2335 1621 2377; x_wconf 85' lang='lat' dir='ltr'>Kokue-</span> 
     </span>
     <span class='ocr_line' id='line_1_31' title="bbox 112 2398 1620 2453; baseline 0.003 -15"><span class='ocrx_word' id='word_1_279' title='bbox 112 2399 232 2440; x_wconf 83' lang='lat' dir='ltr'>wald.</span> <span class='ocrx_word' id='word_1_280' title='bbox 294 2399 494 2440; x_wconf 83' lang='lat' dir='ltr'>Concessi</span> <span class='ocrx_word' id='word_1_281' title='bbox 515 2399 643 2440; x_wconf 90' lang='lat' dir='ltr'>etiam</span> <span class='ocrx_word' id='word_1_282' title='bbox 666 2398 825 2440; x_wconf 87' lang='lat' dir='ltr'>eisdem</span> <span class='ocrx_word' id='word_1_283' title='bbox 846 2398 959 2452; x_wconf 89' lang='lat' dir='ltr'>quod</span> <span class='ocrx_word' id='word_1_284' title='bbox 988 2399 1153 2451; x_wconf 81' lang='lat' dir='ltr'>possint</span> <span class='ocrx_word' id='word_1_285' title='bbox 1183 2399 1308 2440; x_wconf 86' lang='lat' dir='ltr'>blada</span> <span class='ocrx_word' id='word_1_286' title='bbox 1338 2400 1548 2453; x_wconf 82' lang='lat' dir='ltr'>parochiae</span> <span class='ocrx_word' id='word_1_287' title='bbox 1570 2402 1620 2443; x_wconf 89' lang='lat' dir='ltr'>de</span> 
     </span>
     <span class='ocr_line' id='line_1_32' title="bbox 111 2464 1619 2521; baseline 0.003 -16"><span class='ocrx_word' id='word_1_288' title='bbox 111 2465 227 2505; x_wconf 89' lang='lat' dir='ltr'>Aton</span> <span class='ocrx_word' id='word_1_289' title='bbox 258 2465 465 2519; x_wconf 83' lang='lat' dir='ltr'>colligere,</span> <span class='ocrx_word' id='word_1_290' title='bbox 487 2465 685 2513; x_wconf 89' lang='lat' dir='ltr'>adunare,</span> <span class='ocrx_word' id='word_1_291' title='bbox 714 2468 756 2505; x_wconf 90' lang='lat' dir='ltr'>et</span> <span class='ocrx_word' id='word_1_292' title='bbox 787 2464 944 2505; x_wconf 87' lang='lat' dir='ltr'>cariare</span> <span class='ocrx_word' id='word_1_293' title='bbox 976 2477 1052 2517; x_wconf 85' lang='lat' dir='ltr'>per</span> <span class='ocrx_word' id='word_1_294' title='bbox 1072 2464 1163 2505; x_wconf 89' lang='lat' dir='ltr'>vias</span> <span class='ocrx_word' id='word_1_295' title='bbox 1185 2469 1227 2506; x_wconf 91' lang='lat' dir='ltr'>et</span> <span class='ocrx_word' id='word_1_296' title='bbox 1259 2479 1429 2520; x_wconf 90' lang='lat' dir='ltr'>campos</span> <span class='ocrx_word' id='word_1_297' title='bbox 1461 2467 1619 2521; x_wconf 88' lang='lat' dir='ltr'>absque</span> 
     </span>
     <span class='ocr_line' id='line_1_33' title="bbox 113 2530 1618 2584; baseline 0.002 -13"><span class='ocrx_word' id='word_1_298' title='bbox 113 2530 298 2584; x_wconf 87' lang='lat' dir='ltr'>dampno</span> <span class='ocrx_word' id='word_1_299' title='bbox 329 2531 521 2571; x_wconf 88' lang='lat' dir='ltr'>faciendo</span> <span class='ocrx_word' id='word_1_300' title='bbox 552 2531 597 2570; x_wconf 88' lang='lat' dir='ltr'>in</span> <span class='ocrx_word' id='word_1_301' title='bbox 628 2530 764 2571; x_wconf 87' lang='lat' dir='ltr'>bladis</span> <span class='ocrx_word' id='word_1_302' title='bbox 797 2530 866 2571; x_wconf 90' lang='lat' dir='ltr'>vel</span> <span class='ocrx_word' id='word_1_303' title='bbox 897 2530 943 2569; x_wconf 92' lang='lat' dir='ltr'>in</span> <span class='ocrx_word' id='word_1_304' title='bbox 972 2530 1106 2583; x_wconf 86' lang='lat' dir='ltr'>pratis</span> <span class='ocrx_word' id='word_1_305' title='bbox 1141 2531 1259 2580; x_wconf 87' lang='lat' dir='ltr'>meis,</span> <span class='ocrx_word' id='word_1_306' title='bbox 1290 2545 1365 2573; x_wconf 92' lang='lat' dir='ltr'>seu</span> <span class='ocrx_word' id='word_1_307' title='bbox 1397 2532 1618 2574; x_wconf 84' lang='lat' dir='ltr'>hominum</span> 
     </span>
     <span class='ocr_line' id='line_1_34' title="bbox 112 2596 1622 2655; baseline 0.003 -18"><span class='ocrx_word' id='word_1_308' title='bbox 112 2610 301 2638; x_wconf 84' lang='lat' dir='ltr'>meorum</span> <span class='ocrx_word' id='word_1_309' title='bbox 324 2597 494 2650; x_wconf 86' lang='lat' dir='ltr'>ubique,</span> <span class='ocrx_word' id='word_1_310' title='bbox 515 2601 642 2650; x_wconf 86' lang='lat' dir='ltr'>prout</span> <span class='ocrx_word' id='word_1_311' title='bbox 663 2597 743 2637; x_wconf 89' lang='lat' dir='ltr'>sibi</span> <span class='ocrx_word' id='word_1_312' title='bbox 774 2596 906 2650; x_wconf 83' lang='lat' dir='ltr'>magis</span> <span class='ocrx_word' id='word_1_313' title='bbox 928 2596 1114 2636; x_wconf 80' lang='lat' dir='ltr'>viderint</span> <span class='ocrx_word' id='word_1_314' title='bbox 1136 2598 1345 2651; x_wconf 82' lang='lat' dir='ltr'>expedire,</span> <span class='ocrx_word' id='word_1_315' title='bbox 1368 2599 1458 2640; x_wconf 90' lang='lat' dir='ltr'>sine</span> <span class='ocrx_word' id='word_1_316' title='bbox 1489 2600 1622 2655; x_wconf 89' lang='lat' dir='ltr'>impe-</span> 
     </span>
     <span class='ocr_line' id='line_1_35' title="bbox 114 2663 1621 2717; baseline 0.003 -14"><span class='ocrx_word' id='word_1_317' title='bbox 114 2663 303 2704; x_wconf 87' lang='lat' dir='ltr'>dimento</span> <span class='ocrx_word' id='word_1_318' title='bbox 334 2663 418 2704; x_wconf 90' lang='lat' dir='ltr'>mei</span> <span class='ocrx_word' id='word_1_319' title='bbox 450 2663 517 2703; x_wconf 89' lang='lat' dir='ltr'>vel</span> <span class='ocrx_word' id='word_1_320' title='bbox 548 2663 728 2716; x_wconf 84' lang='lat' dir='ltr'>alicujus</span> <span class='ocrx_word' id='word_1_321' title='bbox 760 2676 811 2702; x_wconf 85' lang='lat' dir='ltr'>ex</span> <span class='ocrx_word' id='word_1_322' title='bbox 842 2666 962 2716; x_wconf 85' lang='lat' dir='ltr'>parte</span> <span class='ocrx_word' id='word_1_323' title='bbox 994 2676 1098 2712; x_wconf 89' lang='lat' dir='ltr'>mea,</span> <span class='ocrx_word' id='word_1_324' title='bbox 1129 2677 1265 2717; x_wconf 90' lang='lat' dir='ltr'>usque</span> <span class='ocrx_word' id='word_1_325' title='bbox 1297 2664 1350 2705; x_wconf 87' lang='lat' dir='ltr'>ad</span> <span class='ocrx_word' id='word_1_326' title='bbox 1385 2667 1621 2707; x_wconf 87' lang='lat' dir='ltr'>manerium</span> 
     </span>
     <span class='ocr_line' id='line_1_36' title="bbox 113 2728 1621 2781; baseline 0.003 -13"><span class='ocrx_word' id='word_1_327' title='bbox 113 2728 286 2769; x_wconf 86' lang='lat' dir='ltr'>illorum</span> <span class='ocrx_word' id='word_1_328' title='bbox 316 2729 362 2769; x_wconf 92' lang='lat' dir='ltr'>in</span> <span class='ocrx_word' id='word_1_329' title='bbox 382 2729 552 2769; x_wconf 83' lang='lat' dir='ltr'>Atona:</span> <span class='ocrx_word' id='word_1_330' title='bbox 583 2733 625 2770; x_wconf 92' lang='lat' dir='ltr'>et</span> <span class='ocrx_word' id='word_1_331' title='bbox 647 2728 761 2781; x_wconf 89' lang='lat' dir='ltr'>quod</span> <span class='ocrx_word' id='word_1_332' title='bbox 791 2728 917 2768; x_wconf 88' lang='lat' dir='ltr'>blada</span> <span class='ocrx_word' id='word_1_333' title='bbox 948 2731 990 2769; x_wconf 88' lang='lat' dir='ltr'>et</span> <span class='ocrx_word' id='word_1_334' title='bbox 1021 2728 1119 2769; x_wconf 85' lang='lat' dir='ltr'>fena</span> <span class='ocrx_word' id='word_1_335' title='bbox 1150 2733 1192 2769; x_wconf 89' lang='lat' dir='ltr'>et</span> <span class='ocrx_word' id='word_1_336' title='bbox 1223 2730 1366 2770; x_wconf 90' lang='lat' dir='ltr'>omnia</span> <span class='ocrx_word' id='word_1_337' title='bbox 1397 2731 1481 2771; x_wconf 89' lang='lat' dir='ltr'>alia</span> <span class='ocrx_word' id='word_1_338' title='bbox 1512 2733 1621 2773; x_wconf 90' lang='lat' dir='ltr'>bona</span> 
     </span>
     <span class='ocr_line' id='line_1_37' title="bbox 114 2793 1622 2848; baseline 0.001 -14"><span class='ocrx_word' id='word_1_339' title='bbox 114 2807 191 2834; x_wconf 89' lang='lat' dir='ltr'>sua</span> <span class='ocrx_word' id='word_1_340' title='bbox 225 2794 341 2835; x_wconf 79' lang='lat' dir='ltr'>licite</span> <span class='ocrx_word' id='word_1_341' title='bbox 378 2797 537 2835; x_wconf 86' lang='lat' dir='ltr'>cariare</span> <span class='ocrx_word' id='word_1_342' title='bbox 578 2793 744 2848; x_wconf 88' lang='lat' dir='ltr'>possint</span> <span class='ocrx_word' id='word_1_343' title='bbox 781 2793 905 2833; x_wconf 90' lang='lat' dir='ltr'>modo</span> <span class='ocrx_word' id='word_1_344' title='bbox 941 2793 1080 2846; x_wconf 68' lang='lat' dir='ltr'>praed.³</span> <span class='ocrx_word' id='word_1_345' title='bbox 1114 2798 1156 2835; x_wconf 92' lang='lat' dir='ltr'>et</span> <span class='ocrx_word' id='word_1_346' title='bbox 1191 2795 1334 2835; x_wconf 91' lang='lat' dir='ltr'>omnia</span> <span class='ocrx_word' id='word_1_347' title='bbox 1370 2797 1511 2837; x_wconf 83' lang='lat' dir='ltr'>averia</span> <span class='ocrx_word' id='word_1_348' title='bbox 1547 2811 1622 2838; x_wconf 65' lang='lat' dir='ltr'>sua,</span> 
     </span>
     <span class='ocr_line' id='line_1_38' title="bbox 116 2858 1620 2917; baseline 0.003 -18"><span class='ocrx_word' id='word_1_349' title='bbox 116 2859 267 2900; x_wconf 90' lang='lat' dir='ltr'>ducere</span> <span class='ocrx_word' id='word_1_350' title='bbox 308 2863 350 2900; x_wconf 90' lang='lat' dir='ltr'>et</span> <span class='ocrx_word' id='word_1_351' title='bbox 396 2860 594 2901; x_wconf 88' lang='lat' dir='ltr'>reducere</span> <span class='ocrx_word' id='word_1_352' title='bbox 640 2859 753 2913; x_wconf 89' lang='lat' dir='ltr'>apud</span> <span class='ocrx_word' id='word_1_353' title='bbox 793 2858 1013 2912; x_wconf 91' lang='lat' dir='ltr'>Whiteby,</span> <span class='ocrx_word' id='word_1_354' title='bbox 1055 2863 1098 2899; x_wconf 87' lang='lat' dir='ltr'>et</span> <span class='ocrx_word' id='word_1_355' title='bbox 1138 2859 1254 2909; x_wconf 89' lang='lat' dir='ltr'>alibi,</span> <span class='ocrx_word' id='word_1_356' title='bbox 1300 2861 1391 2902; x_wconf 90' lang='lat' dir='ltr'>sine</span> <span class='ocrx_word' id='word_1_357' title='bbox 1436 2862 1620 2917; x_wconf 86' lang='lat' dir='ltr'>dampno</span> 
     </span>
     <span class='ocr_line' id='line_1_39' title="bbox 115 2924 1623 2979; baseline 0.004 -15"><span class='ocrx_word' id='word_1_358' title='bbox 115 2925 319 2974; x_wconf 88' lang='lat' dir='ltr'>faciendo,</span> <span class='ocrx_word' id='word_1_359' title='bbox 340 2939 414 2979; x_wconf 86' lang='lat' dir='ltr'>pro</span> <span class='ocrx_word' id='word_1_360' title='bbox 435 2925 656 2966; x_wconf 84' lang='lat' dir='ltr'>voluntate</span> <span class='ocrx_word' id='word_1_361' title='bbox 688 2938 775 2974; x_wconf 86' lang='lat' dir='ltr'>sua,</span> <span class='ocrx_word' id='word_1_362' title='bbox 797 2924 889 2965; x_wconf 90' lang='lat' dir='ltr'>sine</span> <span class='ocrx_word' id='word_1_363' title='bbox 910 2924 1054 2978; x_wconf 90' lang='lat' dir='ltr'>aliqua</span> <span class='ocrx_word' id='word_1_364' title='bbox 1084 2926 1417 2968; x_wconf 86' lang='lat' dir='ltr'>contradictione</span> <span class='ocrx_word' id='word_1_365' title='bbox 1448 2929 1534 2969; x_wconf 89' lang='lat' dir='ltr'>mei</span> <span class='ocrx_word' id='word_1_366' title='bbox 1554 2930 1623 2971; x_wconf 85' lang='lat' dir='ltr'>vel</span> 
     </span>
     <span class='ocr_line' id='line_1_40' title="bbox 116 2990 1622 3044; baseline 0.003 -14"><span class='ocrx_word' id='word_1_367' title='bbox 116 2990 296 3044; x_wconf 86' lang='lat' dir='ltr'>alicujus</span> <span class='ocrx_word' id='word_1_368' title='bbox 326 2991 498 3032; x_wconf 89' lang='lat' dir='ltr'>nomine</span> <span class='ocrx_word' id='word_1_369' title='bbox 529 3004 633 3032; x_wconf 92' lang='lat' dir='ltr'>meo.</span> <span class='ocrx_word' id='word_1_370' title='bbox 694 2991 750 3031; x_wconf 89' lang='lat' dir='ltr'>Et</span> <span class='ocrx_word' id='word_1_371' title='bbox 780 2994 830 3030; x_wconf 90' lang='lat' dir='ltr'>ut</span> <span class='ocrx_word' id='word_1_372' title='bbox 859 2990 947 3031; x_wconf 82' lang='lat' dir='ltr'>haec</span> <span class='ocrx_word' id='word_1_373' title='bbox 980 3003 1074 3032; x_wconf 89' lang='lat' dir='ltr'>mea</span> <span class='ocrx_word' id='word_1_374' title='bbox 1106 2992 1330 3042; x_wconf 89' lang='lat' dir='ltr'>concessio,</span> <span class='ocrx_word' id='word_1_375' title='bbox 1362 2994 1622 3036; x_wconf 87' lang='lat' dir='ltr'>confirmatio</span> 
     </span>
    </p>
   </div>
  </div>
 </body>
</html>
