1889 3221
215 354 293 391 486
456 361 815 394 CARTULARIUM
841 361 1107 394 ABBATHIAE
1134 362 1197 394 DE
1221 362 1467 394 WHITEBY.

212 470 363 512 chialis
395 471 583 512 ecclesiae
614 472 665 512 de
699 471 881 520 Semara‚
909 485 983 525 per
1008 485 1084 512 nos
1116 471 1341 526 Religiosis
1363 471 1466 513 viris
1489 470 1652 512 Abbati
1682 472 1726 511 et

213 536 456 578 Conventui
486 537 742 578 Monasterii
773 537 825 577 de
853 537 1074 591 Whiteby,
1096 541 1252 579 nostra:
1274 538 1500 588 dioceseos,
1522 535 1726 584 facienda,

209 603 325 644 dicta
355 603 609 644 auctoritate
641 603 913 644 Sanotissimi
944 604 989 643 in
1023 604 1193 645 Christo
1225 604 1363 645 Patris
1385 608 1427 645 et
1448 604 1549 644 D’ni
1579 601 1724 650 nostri,

210 670 239 710 J
242 670 435 720 ohannis,
466 670 628 710 Divina
659 670 929 723 providentia
960 671 1086 724 Papae
1108 681 1227 720 XX11.‚
1247 674 1374 724 prout
1394 671 1440 711 in
1462 670 1549 711 suis
1569 668 1725 709 litteris

210 735 473 789 Apostolicis
506 736 628 777 nobis
667 736 767 777 inde
803 736 987 786 direct-is,
1019 737 1070 777 de
1102 737 1258 790 quibus
1280 737 1462 778 inferius
1484 736 1532 776 fit
1553 734 1725 783 ment-io,

211 802 641 844 continetur—videl.
663 802 933 857 praesentatis
955 803 1077 843 nobis
1099 803 1204 856 ipsis
1226 802 1382 844 litteris
1404 801 1662 856 Apostolicis
1685 805 1727 841 et

211 883 285 922 per
305 882 381 909 nos
402 873 643 910 reverenter
664 869 859 922 receptis,
881 882 969 909 non
991 868 1249 918 cancellatis,
1272 883 1358 909 non
1379 868 1562 917 abolitis,
1582 881 1659 908 nec
1680 866 1726 906 in

213 934 356 988 aliqua
377 935 445 975 sui
466 939 586 988 parte
608 935 785 984 vitiatis,
807 940 872 976 set
893 935 1008 976 sanis
1031 940 1073 976 et
1094 935 1283 989 integris,
1306 935 1360 975 ad
1380 934 1558 975 modum
1581 934 1724 974 Sacro-

212 1008 369 1044 sanctae
411 1004 531 1044 Sedis
573 1003 834 1058 Apostolicae
874 1017 975 1045 vera
1019 1004 1139 1044 bulla
1178 1004 1381 1058 plumbea
1430 1003 1502 1044 filo
1553 1002 1725 1056 canapis

211 1070 423 1123 pendente
443 1070 633 1119 bullatis,
655 1074 697 1110 et
719 1070 835 1110 omni
856 1070 1101 1124 suspicione
1123 1070 1378 1120 carentibus,
1400 1084 1448 1111 ac
1469 1074 1660 1124 porrecto
1682 1072 1726 1109 et

208 1137 366 1177 tradito
407 1150 480 1190 per
519 1140 682 1190 partem
725 1137 935 1177 dictorum
980 1137 1292 1190 Religiosorum
1329 1137 1513 1190 quodam
1545 1135 1725 1177 articulo

211 1203 463 1256 petitionem
494 1203 684 1256 ipsorum
716 1203 1028 1257 Religiosorum
1060 1202 1306 1244 continente
1339 1203 1418 1243 sub
1454 1202 1724 1255 infrascripto

209 1272 357 1309 tenore
373 1268 495 1308 ;-111
527 1269 610 1309 Dei
638 1269 824 1318 nomine,
852 1269 1001 1309 Amen.
1065 1268 1218 1309 Coram
1250 1269 1383 1317 vobis,
1414 1268 1650 1309 venerabili
1679 1267 1725 1307 in

212 1334 383 1375 Christo
415 1335 540 1375 Patre
572 1338 614 1375 et
644 1335 768 1382 D'no,
800 1335 912 1375 D’no
943 1334 1164 1375 Willelnio
1190 1335 1243 1375 D.
1269 1334 1318 1377 G.
1340 1335 1461 1375 Ebor.
1486 1334 1725 1388 Archiep’o,

210 1399 379 1454 Angliae
416 1400 614 1449 Primate,
647 1400 716 1441 0111
748 1400 1053 1441 Sanctissimus
1085 1400 1129 1440 in
1163 1400 1334 1442 Christo
1367 1401 1492 1441 Pater
1522 1405 1565 1441 et
1588 1401 1726 1441 D'nus

210 1470 363 1515 noster,
380 1465 517 1506 D'nus
539 1466 568 1507 J
572 1466 773 1515 ohannes,
794 1467 847 1508 D.
870 1467 937 1508 Pr.
965 1467 1082 1520 Papa
1103 1477 1223 1516 XXII„
1245 1480 1319 1520 per
1339 1467 1420 1508 litt.
1445 1480 1542 1507 suas
1563 1466 1727 1520 Apost.‚

209 1532 281 1572 filo
313 1532 485 1585 canapis
517 1536 560 1573 et
581 1545 681 1573 vera
702 1532 820 1573 bulla
841 1533 1044 1586 plumbea
1064 1532 1293 1586 pendente,
1315 1533 1368 1573 ad
1389 1533 1566 1573 modum
1589 1533 1727 1574 Curiae

211 1598 413 1638 Romanae
444 1598 642 1647 bullatas,
674 1612 760 1638 non
791 1599 975 1648 abrasas,
1007 1613 1093 1639 non
1125 1598 1394 1648 cancellatas,
1425 1613 1511 1639 non
1532 1599 1726 1648 abolitas,

210 1668 274 1705 set
305 1677 429 1705 sanas
461 1669 504 1705 et
525 1665 722 1718 integras,
747 1664 891 1719 (147b)
915 1669 956 1705 et
978 1665 1096 1705 omni
1116 1665 1358 1719 suspicione
1381 1670 1584 1715 carentes,
1604 1665 1725 1706 vobis

210 1733 502 1782 praesentatas,
522 1730 576 1770 ad
607 1730 719 1770 infra
747 1730 906 1783 scripta
927 1731 1093 1771 dederit
1113 1735 1371 1784 potestatem
1394 1731 1523 1772 etiam
1545 1735 1586 1772 et
1606 1745 1725 1772 man-

211 1795 359 1835 datum
397 1809 577 1848 quarum
613 1800 736 1836 tenor
775 1796 887 1837 infra
929 1797 1130 1837 scribitur
1146 1797 1435 1838 :—Johannes
1476 1797 1726 1851 Episcopus,

212 1874 358 1901 servus
376 1874 592 1901 servorum
609 1862 706 1911 Dei,
722 1863 956 1903 venerabili
979 1863 1099 1903 fratri
1119 1863 1346 1916 Archiep'o
1368 1863 1637 1913 Eboracensi‚
1654 1864 1725 1904 sal.

212 1930 254 1967 et
285 1930 418 1979 apost.
450 1927 799 1969 benedictionem.
861 1928 1097 1981 Religionis
1128 1928 1242 1969 zelus
1275 1932 1318 1968 et
1350 1929 1523 1969 sincerae
1552 1930 1725 1983 pietatis

213 1992 397 2041 devotiO,
437 2006 567 2046 quam
615 1993 763 2034 dilecti
803 1993 891 2043 filii,
933 1994 1080 2034 Abbas
1122 1998 1165 2034 et
1207 1994 1337 2035 Conv.
1380 1994 1635 2036 Monasterii
1675 1997 1726 2037 de

211 2057 432 2111 Whiteby,
451 2058 622 2099 Ordinis
646 2059 684 2100 S.
708 2060 943 2109 Benedicti,
960 2064 1046 2100 tuae
1068 2060 1292 2108 dioceseos,
1309 2059 1464 2102 habere
1481 2066 1727 2111 noscuntur,

212 2124 266 2164 ad
287 2137 364 2164 nos
381 2128 424 2164 et
446 2124 615 2165 Sedem¹
639 2125 931 2179 Apostolicani
948 2129 1243 2179 promerentur
1258 2130 1308 2166 ut
1323 2126 1552 2179 petitiones
1570 2141 1726 2177 eorum,

213 2194 423 2243 quantum
455 2203 552 2230 cum
584 2191 676 2231 Deo
708 2205 947 2244 possumus,
970 2192 1022 2232 ad
1054 2191 1341 2232 exauditionis
1371 2193 1551 2246 gratiam
1572 2193 1725 2234 admit-

211 2259 376 2296 tamus:
414 2255 607 2296 exhibita
645 2257 857 2310 siquidem
894 2258 1017 2298 nobis
1059 2258 1247 2311 ipsorum
1287 2258 1439 2311 petitio
1481 2259 1727 2300 continebat

213 2322 327 2374 quod
358 2321 671 2363 Monasterium
702 2323 856 2377 ipsum,
878 2324 992 2377 quod
1022 2324 1067 2364 in
1098 2328 1221 2364 vasto
1253 2328 1295 2364 et
1326 2324 1461 2365 sterili
1481 2324 1572 2366 1000
1594 2325 1725 2366 51111111

212 2387 300 2428 fore
342 2387 587 2437 dinoscitur,
618 2403 693 2442 per
734 2389 909 2430 hostiles
950 2390 1145 2430 incursus
1187 2390 1419 2439 Scotorum,
1452 2390 1525 2444 qui
1560 2405 1725 2444 posses-

213 2452 351 2493 siones
384 2456 426 2493 et
456 2453 568 2493 bona
598 2454 733 2507 ipsius
764 2455 924 2508 pluries
956 2455 1199 2496 devastasse
1229 2459 1475 2505 noscuntur,
1496 2469 1662 2497 necnon
1683 2461 1725 2498 et

214 2517 323 2571 [per]
347 2519 651 2559 mortalitatem
689 2520 950 2569 animalium,
983 2525 1024 2561 et
1060 2525 1266 2561 terrarum
1301 2521 1437 2575 ipsius
1473 2521 1724 2563 Monasterii

214 2583 486 2623 sterilitatem
504 2584 735 2634 insolitam,
753 2586 920 2639 aliaque
939 2599 1033 2639 quae
1047 2586 1318 2640 contigerunt
1334 2586 1474 2626 eidem
1490 2586 1724 2628 infortunia

212 2648 398 2701 plurima
431 2653 473 2689 et
504 2650 680 2699 diversa,
713 2651 766 2692 ad
797 2655 962 2692 tantam
998 2652 1187 2705 inopiam
1224 2655 1288 2692 est
1323 2652 1564 2701 deductum,
1600 2654 1723 2706 quod,

215 2713 299 2753 nisi
330 2713 369 2753 ei
400 2727 525 2766 super
546 2715 629 2756 hiis
651 2716 702 2757 de
725 2717 1003 2771 op[p]ortuno
1024 2718 1211 2758 remedio
1232 2731 1306 2771 per
1326 2717 1581 2770 Apostolicae
1604 2718 1723 2760 Sedis

214 2778 527 2831 providentiam
569 2787 848 2832 succurratur,
889 2783 1041 2823 solitus
1084 2783 1387 2823 monachorum
1427 2796 1641 2833 numerus,
1682 2789 1724 2825 et

215 2843 387 2896 pietatis
418 2857 465 2884 ac
497 2845 801 2899 hospitalitatis
827 2861 952 2901 opera
976 2848 1135 2888 ibidem
1156 2848 1247 2888 fieri
1268 2850 1480 2896 consueta,
1502 2848 1552 2888 de
1575 2853 1723 2890 caetero

215 2924 300 2952 non
323 2914 523 2963 poterunt
545 2914 729 2953 exerceri
737 2929 746 2964 3
778 2914 1026 2966 quinimmO,
1049 2914 1161 2966 quod
1182 2913 1477 2954 vehementius
1500 2918 1563 2954 est
1580 2915 1724 2956 dolen-

851 2992 860 3011 ¹
887 3002 915 3028 et
933 2996 1095 3030 inserted.
