1889 3221
275 335 355 373 644
523 340 884 375 CARTULARIUM
910 339 1180 372 ABBATHIAE
1206 339 1269 371 DE
1295 338 1540 371 WHITEBY.

273 451 465 506 ejusdem
505 451 711 506 elegerint
751 454 794 491 et
834 450 1067 498 Pastorem,
1106 449 1330 503 ipsamque
1371 448 1624 489 electionem
1665 447 1788 487 nobis

271 517 623 571 praesentaverint
648 517 745 571 jure
776 515 989 557 ordinario
1014 513 1498 556 confirmandam—Nos
1519 513 1711 554 volentes
1741 512 1788 552 in

271 583 406 637 ipsius
438 582 658 624 electionis
688 582 858 636 negotio
890 583 1053 622 statuta
1084 579 1288 622 canonica
1319 594 1367 620 ac
1388 580 1568 620 formam
1598 578 1721 619 nobis
1742 578 1787 618 in

273 650 352 690 hac
372 653 491 704 parte
513 662 537 690 a
553 650 648 703 jure
664 649 867 690 traditam
884 648 1118 697 observare,
1133 647 1255 688 vobis
1272 647 1581 687 committimus
1604 650 1648 687 et
1668 659 1789 686 man-

274 716 425 756 damus
457 718 680 769 quatenus,
710 714 814 755 visis
844 713 1137 768 praesentibus,
1168 713 1328 766 absque
1358 725 1486 752 morae
1517 711 1706 765 diffugio,
1736 710 1789 751 ad

276 782 440 823 dictum
470 781 683 822 Mon'ium
712 794 787 834 per
807 794 882 821 vos
909 779 978 820 vel
1008 779 1143 820 alium
1174 778 1435 827 accedentes,
1465 778 1512 818 in
1542 777 1654 818 Eccl.
1679 777 1790 818 Con-

275 847 467 889 ventuali
488 847 678 902 ejusdem
699 846 884 901 publicae
914 845 1260 899 proclamationis
1282 858 1330 885 ac
1352 843 1568 885 citationis
1600 843 1788 885 edictum

276 917 540 967 peremptore
561 912 821 967 proponatis,
843 911 956 965 quod
978 910 1014 951 si
1036 910 1143 964 quis,
1164 913 1239 950 aut
1259 909 1345 963 qui,
1366 909 1597 964 quicquam
1618 908 1790 949 canoni-

277 992 375 1019 cum
390 992 623 1032 proponere
640 992 716 1019 seu
732 977 911 1031 objicere
928 976 1112 1017 voluerit
1128 979 1202 1016 aut
1218 975 1433 1016 voluerint
1450 978 1596 1016 contra
1609 974 1788 1015 formam

278 1043 496 1085 electionis
526 1043 787 1098 hujusmodi,
819 1056 893 1083 seu
923 1055 1147 1096 personam
1178 1041 1313 1090 electi,
1345 1054 1487 1082 coram
1521 1040 1644 1080 nobis
1676 1053 1788 1080 com-

277 1113 455 1163 pareant
491 1109 558 1150 die
593 1108 769 1150 Sabbati
803 1108 996 1162 proximo
1038 1108 1195 1156 futuro,
1229 1106 1430 1147 videlicet
1470 1106 1518 1146 in
1553 1105 1701 1159 vigilia
1738 1106 1785 1146 B.

279 1176 397 1217 Petri
427 1175 480 1216 ad
501 1175 699 1224 Vincula,
728 1174 974 1227 ubicunque
1004 1177 1107 1214 tunc
1138 1173 1344 1214 fuerimus
1375 1173 1421 1213 in
1452 1176 1597 1213 nostra
1618 1171 1788 1220 diocesi,

280 1242 486 1296 quicquid
506 1255 582 1295 pro
603 1255 647 1282 se
677 1240 905 1281 habuerint
926 1253 1055 1293 quare
1086 1239 1266 1280 eandem
1297 1238 1559 1287 electionem,
1580 1241 1706 1292 prout
1737 1238 1790 1278 ad

281 1322 357 1349 nos
379 1308 545 1357 attinet,
567 1307 814 1349 confirmare
834 1306 1013 1346 minime
1035 1305 1264 1346 debeamus
1285 1318 1361 1358 pro
1382 1304 1564 1345 termino
1595 1317 1789 1358 peremp-

279 1375 388 1415 torio
409 1373 668 1428 proposituri
685 1387 732 1413 ac
753 1372 943 1426 legitime
965 1375 1130 1420 ostens.,
1148 1370 1328 1411 ulterius
1349 1370 1504 1410 facturi
1519 1373 1561 1410 et
1581 1370 1791 1423 recepturi

280 1440 395 1494 quod
411 1439 582 1494 justitia
603 1439 811 1479 suadebit.
872 1439 929 1478 Et
944 1450 1020 1478 nos
1038 1450 1164 1490 super
1178 1436 1307 1489 hujus
1325 1435 1575 1477 executione
1588 1435 1793 1484 mandati,

281 1519 329 1546 ac
350 1504 467 1545 omni
488 1518 536 1545 eo
559 1504 672 1558 quod
693 1503 878 1545 feceritis
899 1502 946 1543 in
975 1501 1192 1556 praemisso
1214 1501 1267 1542 ad
1289 1501 1453 1542 dictum
1474 1501 1586 1542 diem
1618 1501 1794 1542 Sabbati

282 1569 523 1611 certificetis
564 1569 765 1610 distincte
806 1572 848 1609 et
889 1572 1034 1622 aperte
1074 1581 1149 1621 per
1188 1570 1351 1608 vestras
1391 1570 1588 1620 patentes
1627 1566 1794 1608 litteras

282 1636 435 1677 harum
471 1636 635 1685 seriem,
676 1640 719 1676 et
759 1635 933 1675 nomina
974 1647 1188 1688 opponere
1225 1633 1476 1682 volentium,
1513 1633 1549 1673 si
1585 1634 1660 1687 qui
1695 1633 1795 1683 sint,

282 1701 471 1755 plenarie
511 1701 794 1742 continentes.
869 1699 1034 1741 Valete.
1110 1700 1275 1739 Datum
1316 1699 1431 1753 apud
1481 1698 1622 1752 Thorp
1663 1713 1794 1753 prope

281 1769 404 1809 Ebor.
427 1782 455 1809 v
486 1767 667 1808 Kalend.
691 1766 889 1821 Augusti,
912 1766 969 1806 A0
990 1779 1047 1819 gr.
1071 1770 1247 1805 M⁰ccc¹¹²0
1267 1764 1372 1814 xxii,
1393 1768 1436 1805 et
1465 1765 1624 1806 Pontis.
1656 1765 1793 1806 nostri

284 1833 446 1887 quinto.

565 1906 794 1946 Assnnsus
816 1914 975 1945 REGIUS
996 1914 1233 1944 ADHIBITUS
1256 1904 1504 1944 ELECTIONI.

342 1996 588 2045 Edwardus,
624 1999 714 2044 etc„
753 1993 1004 2036 Venerabili
1043 1994 1089 2033 in
1131 1993 1301 2035 Christo
1337 1994 1461 2047 patri,
1502 1997 1580 2035 etc.
1642 1995 1795 2036 Sciatis

282 2063 399 2117 quod
428 2061 628 2103 electioni
657 2074 794 2114 nuper
823 2060 947 2100 factae
977 2060 1023 2099 in
1055 2060 1154 2100 eccl.
1188 2059 1475 2100 Conventuali
1505 2060 1557 2100 de
1588 2060 1795 2114 Whiteby

285 2130 337 2170 de
358 2129 512 2169 dilecto
534 2127 655 2168 nobis
676 2127 723 2166 in
745 2125 928 2175 Christo,
948 2125 1075 2166 fratre
1093 2125 1254 2166 Thoma
1275 2125 1327 2165 de
1344 2125 1659 2179 Haukesgarth,
1675 2139 1795 2166 mon-

283 2195 388 2236 acho
410 2193 600 2248 ejusdem
620 2193 797 2241 Domus,
817 2192 864 2231 in
884 2191 1098 2232 Abbatem
1118 2191 1199 2231 loci
1222 2191 1353 2240 illius,
1374 2191 1555 2245 Regium
1576 2204 1796 2232 assensum

285 2260 559 2302 adhibuimus
600 2262 643 2300 et
683 2258 882 2298 favorem.
958 2258 1015 2298 Et
1054 2257 1135 2298 hoc
1174 2257 1294 2298 vobis
1335 2262 1482 2298 tenore
1521 2257 1795 2312 praesentium

284 2326 573 2381 significamus
593 2328 643 2365 ut
663 2323 778 2377 quod
798 2326 991 2364 vestrum
1015 2326 1079 2363 est
1100 2322 1146 2362 in
1167 2322 1247 2363 hac
1269 2326 1390 2376 parte
1412 2322 1694 2376 exequamini.
1741 2323 1796 2363 In

286 2393 408 2446 cujus
429 2392 490 2432 rei
517 2394 611 2431 test.
633 2390 710 2430 has
740 2389 906 2430 litteras
928 2393 1094 2429 nostras
1126 2389 1217 2430 fieri
1247 2388 1425 2429 fecimus
1455 2392 1652 2442 patentes
1682 2388 1796 2442 apud

286 2457 441 2498 Thirsk
471 2470 560 2497 xxv
590 2455 658 2496 die
688 2454 800 2496 Julii
820 2454 877 2494 ΑΟ
907 2454 1027 2508 regni
1056 2454 1194 2495 nostri
1224 2454 1347 2494 xvim0
1377 2468 1452 2507 per
1481 2455 1608 2495 breve
1638 2454 1796 2508 privati

288 2523 428 2578 sigilli.

788 2603 966 2642 PETITIO
988 2612 1108 2642 DICTI
1129 2602 1301 2643 ELECTI.

346 2697 399 2736 In
426 2695 509 2735 Dei
539 2693 724 2742 nomine,
745 2693 897 2735 Amen.
957 2693 1221 2733 Praesentata
1250 2692 1384 2741 nobis,
1406 2691 1635 2740 willelmo,
1655 2691 1796 2744 provi-

288 2761 434 2802 dentia
454 2759 627 2809 Divina,
648 2762 738 2808 etc„
755 2758 961 2800 electione
982 2772 1057 2812 per
1078 2758 1269 2798 Priorem
1289 2760 1332 2798 et
1354 2757 1624 2797 Conventum
1645 2755 1797 2796 Mon'ii

290 2827 342 2867 de
365 2825 583 2878 Whiteby,
613 2828 768 2865 nostrae
804 2824 1029 2873 dioceseos,
1060 2824 1112 2864 de
1142 2836 1321 2877 persona
1356 2821 1499 2862 fratris
1535 2821 1707 2862 Thomae
1743 2821 1795 2863 de

289 2889 592 2943 Haukesgarth
621 2889 668 2929 in
689 2889 884 2929 futurum
905 2889 1120 2929 Abbatem
1141 2887 1332 2941 ejusdem
1354 2886 1506 2926 Mon'ii
1536 2886 1797 2927 concorditer

290 2955 509 3002 celebrata,
529 2954 831 3007 propositoque
853 2967 993 2994 coram
1024 2953 1146 2993 nobis
1168 2952 1292 2993 dictae
1313 2950 1532 2992 electionis
1562 2951 1732 3005 negotio
1754 2954 1796 2992 et
