1889 3221
243 350 323 387 494
486 357 850 390 OARTULARIUM
876 356 1144 389 ABBATHIAE
1171 357 1234 389 DE
1259 357 1504 389 WHITEBY.

241 467 370 520 ejusd.
404 467 500 508 0001.
525 466 839 521 apprehendere
870 466 1001 507 libere
1029 466 1281 507 auctoritate
1313 467 1481 520 propria
1506 466 1677 507 valeant
1707 479 1754 506 ac

240 533 368 574 etiam
408 534 600 583 retinere,
639 533 834 587 praedicti
874 532 977 573 D’ni
1016 532 1246 587 Archiep'i,
1286 533 1357 574 vel
1397 532 1572 574 alterius
1613 532 1755 586 cujus-

240 613 418 654 cunque,
450 599 625 641 licentia
660 599 838 640 minime
872 599 1089 653 requisita,
1126 599 1433 653 possessionem
1476 599 1606 653 ejusd.
1644 598 1756 647 0001,

240 678 336 706 cum
370 666 457 707 suis
486 666 655 720 juribus
688 671 730 707 et
760 670 877 720 pert„
899 665 1135 707 secundum
1157 667 1345 716 formam,
1370 666 1459 706 vim
1485 670 1526 707 et
1557 666 1755 707 effectum

238 732 365 773 litter.
394 733 587 787 Apostol.
619 734 731 774 dicto
763 732 872 787 patri
907 733 1175 782 directarum,
1204 738 1246 774 et
1276 738 1519 774 memorata).
1550 746 1637 773 suae
1657 746 1754 773 con—

240 800 440 841 cessionis
487 800 600 841 dicta
650 800 903 841 auctoritate
943 800 1132 854 Apostol.
1185 799 1319 848 factae,
1370 799 1535 853 ingredi
1584 798 1756 840 valeant

239 866 578 921 quandocunque
623 867 851 916 voluerint,
894 871 1038 908 nostra
1083 866 1258 907 licentia
1304 865 1661 915 Archidiaconah,
1707 877 1754 905 ac

239 938 365 986 prout
415 938 457 974 et
504 938 716 987 quatenus
764 933 989 974 inductio1
1039 933 1085 973 in
1137 933 1396 987 corporalem
1446 932 1754 986 possessionem

239 999 369 1052 ejusd.
403 999 499 1040 0001.
533 1000 637 1040 alias
679 1000 732 1040 ad
773 1013 848 1040 nos
885 999 1106 1053 pertineat,
1138 999 1314 1040 minime
1352 999 1568 1053 requisita,
1612 1002 1755 1039 nostro

240 1070 282 1105 et
318 1065 423 1106 dicti
452 1066 833 1107 Archidiaconatus
865 1067 961 1120 jure
992 1066 1096 1106 alias
1132 1066 1177 1106 in
1219 1065 1415 1106 omnibus
1457 1065 1551 1105 aliis
1592 1078 1756 1118 semper

240 1131 368 1174 salvo.
430 1132 483 1172 In
521 1133 641 1186 cujus
675 1147 705 1174 r.
742 1137 836 1174 test.
861 1133 935 1187 sig.
966 1137 1161 1173 nostrum
1192 1132 1473 1186 praesentibus
1505 1135 1568 1172 est
1599 1145 1756 1185 appen-

240 1212 345 1239 sum.
411 1199 576 1240 Datum
609 1199 759 1253 [apud]
792 1199 929 1248 Ebor.,
961 1199 1025 1240 Id.
1057 1198 1308 1240 Decembris
1339 1199 1390 1240 A.
1425 1198 1494 1238 Gr.
1527 1197 1755 1238 millesimo

240 1271 359 1306 0001110
380 1265 581 1307 vicesimo
602 1266 737 1307 tertio.

660 1431 825 1472 DLHI.
850 1432 889 1485 (1
901 1430 993 1485 541³)
1025 1432 1334 1472 THORNEPARK.

300 1531 510 1573 Omnibus
544 1531 706 1573 Christi
732 1532 841 1573 fidel.
867 1532 919 1573 ad
942 1545 1045 1586 quos
1074 1545 1133 1586 pr.
1164 1545 1239 1574 scr.
1261 1531 1511 1586 pervenerit,
1538 1531 1756 1572 Galfridus

240 1597 292 1638 de
329 1598 616 1652 Geddynges?
652 1598 843 1640 salutem.
908 1598 1061 1640 Sciatis
1097 1613 1165 1640 me
1202 1599 1351 1640 fecisse
1386 1597 1631 1652 homagium
1663 1597 1757 1637 d'no

239 1678 344 1714 meo,
381 1665 560 1705 Ricardo
598 1665 649 1706 de
686 1663 851 1719 Percy,3
886 1679 961 1719 pro
997 1670 1086 1706 tota
1122 1665 1198 1706 t'ra
1234 1665 1322 1714 illa,
1356 1669 1445 1706 tam
1482 1664 1596 1705 culta
1629 1677 1758 1717 quam

237 1730 412 1781 inculta,
443 1745 538 1785 quae
575 1732 689 1785 jacet
727 1736 846 1772 extra
875 1732 1084 1772 fossatum
1117 1732 1183 1772 sui
1216 1731 1333 1785 parci
1364 1731 1416 1772 de
1453 1729 1757 1783 Raveneclyff,4

237 1810 384 1837 versus
407 1797 682 1847 occidentem,
704 1797 818 1838 inter
843 1798 986 1851 ipsum
1006 1811 1183 1851 parcum
1205 1801 1247 1838 et
1268 1798 1554 1845 Derwentam,
1576 1809 1671 1850 quae
1692 1799 1756 1836 est

238 1867 358 1903 extra
389 1863 547 1904 divisas
582 1863 764 1904 Abbatis
797 1868 839 1904 et
870 1864 1061 1905 monach.
1095 1864 1146 1904 de
1178 1864 1353 1917 Wytby,
1386 1877 1521 1916 usque
1552 1863 1606 1903 ad
1635 1862 1754 1902 illam

238 1933 403 1982 partem
433 1929 550 1983 parci
581 1929 649 1970 sui
670 1929 745 1970 ubi
767 1929 990 1971 Τ11101001(5
1021 1930 1136 1970 cadit
1166 1929 1211 1969 in
1243 1930 1527 1978 Derwentam,
1552 1928 1684 1968 michi
1715 1931 1757 1968 et

239 1995 476 2036 haeredibus
508 1996 614 2036 meis
645 1995 830 2037 tenenda
852 1996 904 2037 de
934 1995 1025 2049 ipso
1057 2000 1100 2037 et
1130 1996 1228 2036 haer.
1261 1995 1348 2036 suis
1381 1995 1530 2044 solute,
1551 1994 1692 2043 libere,
1715 1998 1757 2034 et

239 2060 675 2114 quiete—Reddendo
704 2062 804 2103 inde
838 2062 1062 2103 annuatim
1095 2062 1177 2103 sibi
1208 2066 1251 2103 et
1281 2062 1378 2103 haer.
1412 2062 1511 2111 suis,
1535 2075 1609 2115 pro
1640 2061 1757 2101 omni

238 2139 344 2166 serv.
368 2127 559 2168 saeculari
581 2132 622 2169 et
644 2129 875 2178 exactione,
897 2143 1028 2169 unam
1049 2142 1235 2169 marcam
1256 2142 1338 2182 arg.
1362 2129 1416 2169 ad
1433 2128 1536 2169 duos
1553 2127 1756 2168 terminos

240 2192 423 2235 —videL
446 2195 552 2236 med.
576 2195 629 2235 ad
651 2196 825 2245 Pascha,
848 2200 890 2237 et
911 2195 1039 2236 aliam
1060 2195 1167 2237 med.
1191 2195 1244 2236 ad
1265 2196 1290 2236 f.
1315 2195 1354 2236 S.
1378 2194 1614 2235 Michaelis.
1665 2194 1754 2248 Ego

238 2272 337 2300 vero
359 2264 402 2301 et
422 2260 519 2302 haer.
544 2262 639 2311 mei,
668 2262 921 2303 advocamus
945 2267 987 2303 et
1016 2262 1296 2303 reclamamus
1327 2261 1448 2302 illam
1475 2261 1597 2302 t'ram
1627 2260 1755 2314 praed.

241 2325 291 2366 de
322 2327 448 2380 praed.
473 2327 567 2368 d’no
596 2342 701 2378 meo,
723 2329 903 2370 Ricardo
935 2329 986 2370 de
1008 2329 1151 2383 Percy,
1174 2333 1215 2370 et
1245 2329 1344 2370 haer.
1367 2328 1466 2377 suis,
1488 2331 1530 2368 et
1560 2326 1612 2368 de
1636 2326 1755 2368 nullo

241 2392 333 2433 alio.
407 2393 506 2434 Hiis
556 2395 751 2445 testibus,
793 2400 869 2437 etc.
944 2396 997 2436 In
1039 2395 1271 2436 Feuodario
1306 2394 1410 2434 D'ni
1449 2393 1501 2434 de
1540 2393 1675 2446 Percy
1709 2393 1754 2432 in

243 2458 462 2500 Comitatu
482 2460 605 2502 Ebor.

289 2548 300 2569 ¹
321 2550 479 2584 ἰηιῖιιειοε.

288 2602 301 2624 2
325 2604 383 2636 An
408 2606 505 2648 early
522 2609 765 2648 cotemporary
784 2607 820 2639 of
840 2606 960 2639 Abbot
978 2606 1132 2649 Roger's,
1151 2606 1269 2638 whose
1294 2617 1395 2638 name
1420 2606 1449 2638 is
1475 2605 1585 2637 found
1610 2616 1647 2637 as
1672 2605 1753 2637 that

242 2659 278 2692 of
295 2671 314 2691 a
334 2660 475 2692 witness
493 2662 530 2693 in
548 2662 630 2694 Nos.
651 2664 706 2702 31,
729 2664 806 2701 102,
829 2664 908 2701 223,
928 2664 1007 2694 410.

288 2712 302 2734 3
326 2714 489 2755 Richard‚
510 2726 572 2747 son
590 2717 626 2748 of
642 2717 665 2748 J
668 2717 800 2748 oceline
817 2717 860 2748 de
878 2717 1057 2748 Louvaine
1074 2717 1144 2748 and
1161 2716 1280 2758 Agnes
1298 2715 1341 2747 de
1358 2716 1478 2756 Percy,
1495 2715 1667 2757 daughter
1684 2715 1754 2747 and

240 2779 305 2800 one
330 2769 365 2800 of
389 2769 450 2801 the
475 2770 643 2803 heiresses
662 2772 698 2803 of
715 2772 872 2804 William
898 2772 941 2804 de
959 2772 1069 2813 Percy
1092 2781 1155 2803 IL:
1184 2771 1239 2803 ob.
1259 2774 1336 2802 ante
1358 2771 1457 2808 1252,
1479 2781 1516 2802 as
1542 2770 1596 2801 his
1613 2770 1750 2810 widow,

241 2823 359 2866 Agnes
377 2823 419 2855 de
436 2824 585 2865 Neville,
605 2826 641 2858 111
659 2827 739 2859 that
757 2838 841 2868 year
857 2826 928 2858 had
945 2826 1097 2858 married
1114 2826 1209 2858 John
1226 2825 1456 2867 d’Eyncourt.

289 2876 303 2898 4
329 2878 417 2910 Now
446 2880 617 2912 Raincliff.
670 2882 733 2913 See
758 2882 822 2914 No.
853 2882 920 2916 376
944 2884 984 2923 (p.
1014 2883 1108 2921 314),
1129 2880 1198 2912 and
1215 2880 1287 2912 also
1312 2880 1380 2912 No.
1409 2882 1477 2913 399
1504 2881 1574 2912 011(1
1599 2884 1691 2921 note,
1718 2892 1749 2924 p.

245 2935 324 2966 339.

288 2987 302 3008 5
329 2988 393 3020 See
413 2988 495 3021 Nos.
515 2990 583 3024 376
602 2991 672 3022 and
691 2992 768 3030 399,
789 2991 857 3022 and
875 2994 957 3023 note
975 2994 1013 3022 to
1030 2991 1148 3033 latter,
1169 2990 1236 3022 loco
1254 2991 1362 3022 citato.
