1889 3221
225 329 305 366 632
460 333 822 369 CARTULARIUM
848 332 1119 365 ABBATHIAE
1142 333 1206 364 DE
1230 332 1484 365 WHITEBY.

223 447 381 486 tentus.
445 444 676 486 Silentium
698 444 893 484 observet
918 441 1091 497 jugiter,
1108 442 1235 496 juxta
1256 440 1445 496 regulam
1466 440 1533 481 sui
1564 439 1739 488 ordinis,

221 512 326 553 locis
349 515 391 553 et
411 510 676 564 temporibus
698 508 931 563 oportunis.
991 508 1175 549 Litteras
1195 508 1265 549 vel
1285 507 1488 548 nuntium
1508 520 1584 561 per
1603 520 1648 547 se
1669 505 1741 546 vel

226 591 301 632 per
333 577 467 618 alium
502 590 590 617 non
625 575 807 625 emittat,
840 587 920 616 nec
957 575 1161 616 emissum
1194 574 1374 627 recipiat
1411 587 1435 614 a
1470 585 1741 626 quocunque.

225 643 348 684 Nulli
379 642 572 684 saeculari
601 642 802 696 loquatur
827 641 912 682 nisi
944 654 1084 681 coram
1105 640 1377 689 Praesfflente,
1409 643 1451 680 et
1472 652 1741 693 quaecunque

225 710 416 763 loquitur
436 709 648 750 audiente.
710 708 841 762 Septa
867 707 1122 748 Monasterii
1152 720 1239 747 non
1269 710 1393 747 exeat
1424 705 1575 759 quovis
1602 704 1740 745 modo.

227 776 332 816 Haec
363 775 507 816 omnia
538 778 579 816 et
610 774 778 829 singula
807 774 920 815 dicto
951 773 1074 814 fratri
1108 773 1280 813 Thomae
1311 772 1357 812 in
1390 771 1552 812 virtute
1582 773 1740 811 sanctae

226 842 480 883 obedientiae
500 841 768 896 injungimus
790 839 1065 888 observanda,
1088 838 1221 879 donec
1243 852 1268 879 a
1288 838 1411 879 nobis
1432 836 1739 878 relaxationem

225 909 316 950 sive
337 908 651 962 mitigationem
682 907 870 961 aliquam
892 919 1019 960 super
1039 905 1123 946 hiis
1143 904 1346 946 meruerit
1376 903 1578 945 obtinere.
1641 903 1743 951 Vos,

226 975 383 1024 Abbas,
404 975 527 1015 nobis
560 978 770 1028 oportuno
799 978 989 1027 tempore
1010 972 1252 1013 rescribatis
1273 971 1457 1025 qualiter
1477 970 1590 1011 idem
1612 970 1742 1010 frater

227 1040 409 1082 Thomas
441 1054 485 1081 se
515 1041 703 1095 gesserit,
728 1043 771 1081 et
797 1040 834 1080 si
863 1038 1166 1093 poenitentiam
1196 1037 1416 1091 peregerit,
1438 1040 1513 1077 aut
1543 1049 1663 1090 agere
1693 1035 1736 1075 in

228 1106 372 1160 aliquo
394 1106 698 1160 contempserit
718 1109 1009 1147 memoratam.

256 1222 346 1263 DC.
380 1223 579 1277 (Melton‚
601 1222 627 1263 f.
653 1222 767 1275 235.)
827 1222 1075 1262 DECRETUM
1097 1220 1382 1260 MoNAsTfflzn
1403 1229 1458 1259 DE
1480 1218 1709 1259 WHITEBY.

286 1305 545 1354 Willelmus,
580 1304 860 1358 permissione
896 1302 1069 1352 Divina,
1109 1302 1233 1344 Ebor.
1274 1301 1537 1356 Archiep'us‚
1572 1300 1741 1354 Angliae

230 1371 407 1421 Primas,
439 1370 609 1412 dilectis
640 1370 740 1411 filiis
770 1369 937 1410 Abbati
967 1373 1011 1409 et
1037 1368 1169 1409 ConV.
1201 1367 1420 1408 Monast'ii
1441 1368 1493 1408 de
1522 1367 1744 1420 Whiteby,

230 1441 386 1477 nostrae
423 1437 542 1487 dioc„
573 1437 660 1486 sal,
690 1450 747 1491 gr.
785 1440 827 1477 et
862 1434 1215 1476 benedictionem.
1291 1435 1358 1474 Ex
1388 1434 1584 1487 injuncta
1619 1433 1742 1474 nobis

229 1503 519 1544 sollicitudine
550 1503 754 1557 pastorali
785 1502 985 1543 exhibere
1015 1514 1092 1542 nos
1123 1500 1335 1541 credimus
1372 1500 1625 1554 obsequium
1648 1500 1743 1541 Deo

228 1572 397 1623 gratum
418 1583 515 1611 cum
531 1568 714 1610 utilitati
735 1569 1004 1610 subditorum
1024 1571 1264 1608 nostrorum
1284 1566 1567 1621 prospicimus
1587 1566 1745 1620 pariter

229 1639 272 1676 et
308 1636 448 1677 saluti.
514 1636 585 1677 Ad
618 1639 802 1677 vestrum
837 1635 1050 1689 siquidem
1084 1633 1296 1675 Mon'ium
1331 1633 1445 1673 xiiii0
1480 1632 1548 1674 die
1584 1632 1744 1673 mensis

232 1702 440 1752 Octobris,
461 1702 510 1743 A.
534 1703 604 1744 Gr.
628 1707 771 1743 M⁰ccc⁰
792 1702 1006 1751 vicesimo,
1028 1705 1071 1742 et
1092 1699 1248 1741 Pontif.
1271 1699 1407 1740 nostri
1436 1702 1597 1753 quarto,
1619 1711 1745 1739 causa

229 1769 491 1810 visitationis
513 1772 669 1810 nostrae
686 1768 800 1822 apud
815 1782 891 1809 vos
913 1766 1160 1809 exercendae
1180 1765 1471 1820 personaliter,
1487 1765 1745 1814 accedentes,

230 1835 323 1888 ipsa
343 1835 590 1875 visitatione
618 1834 698 1875 rite
730 1835 853 1883 facta,
874 1838 1001 1888 prout
1031 1833 1153 1873 nobis
1183 1831 1386 1885 possibile
1409 1831 1547 1872 fuerat
1571 1845 1620 1872 ea
1639 1831 1744 1880 vice,

231 1900 428 1953 quaedam
467 1900 629 1940 ibidem
668 1903 883 1952 comperta
913 1899 968 1939 ad
1002 1898 1242 1939 animarum
1276 1901 1514 1937 vestrarum
1549 1896 1744 1946 salutem,

231 1964 448 2019 religionis
479 1968 769 2018 augmentum,
789 1964 1006 2017 vestrique
1038 1963 1189 2003 Mon'ii
1218 1962 1452 2003 utilitatem
1481 1965 1742 2015 perpetuam,

232 2032 277 2071 in
310 2032 447 2072 forma
477 2030 718 2084 subscripta
749 2030 950 2071 duximus
985 2028 1266 2077 reformanda,
1308 2032 1350 2068 et
1386 2040 1435 2068 ea
1475 2027 1744 2068 decernimus

233 2111 257 2138 a
284 2097 418 2146 vobis,
439 2097 677 2151 vestrisque
708 2095 1019 2137 successoribus
1047 2094 1204 2135 futuris
1231 2093 1447 2148 perpetuis
1479 2093 1744 2147 temporibus

235 2163 506 2205 observanda.

293 2230 348 2270 In
367 2229 517 2284 primis
544 2229 809 2283 injungimus
831 2232 873 2269 et
895 2227 1025 2269 etiam
1055 2226 1300 2268 ordinamus
1331 2225 1445 2280 quod
1465 2225 1609 2266 unitas
1640 2226 1744 2266 cari-

235 2296 349 2344 tatis,
371 2301 413 2337 et
433 2296 620 2336 fraterna
641 2295 875 2344 concordia,
897 2294 989 2335 sine
1021 2306 1106 2347 qua
1136 2292 1303 2333 nullum
1335 2295 1400 2333 est
1419 2291 1520 2332 vitae
1544 2291 1744 2332 meritum

236 2362 350 2415 apud
399 2362 555 2411 Deum,
603 2362 716 2402 inter
764 2374 840 2402 vos
891 2364 934 2402 et
993 2363 1186 2401 vestrum
1236 2357 1426 2412 singulos
1477 2371 1745 2411 summopere

234 2428 437 2477 foveatur,
496 2427 681 2477 invidiae,
739 2427 843 2467 rixae
907 2429 949 2467 et
1009 2424 1295 2466 contentionis
1355 2423 1512 2464 aculeis
1570 2423 1745 2476 penitus

237 2494 431 2534 exulatis.
505 2494 629 2542 Item,
669 2493 782 2546 quod
822 2492 1034 2533 Divinum
1074 2490 1325 2544 obsequium
1360 2489 1406 2529 in
1442 2487 1629 2537 ecclesia,
1669 2501 1745 2541 pro

237 2560 441 2600 varietate
491 2564 743 2613 temporum,
792 2561 1002 2612 quantum
1051 2556 1282 2598 honorifice
1340 2555 1431 2596 fieri
1489 2554 1645 2608 poterit
1703 2558 1747 2594 et

239 2625 406 2674 devote,
435 2625 561 2678 juxta
596 2624 814 2678 religionis
856 2623 1180 2672 observantiam,
1221 2621 1477 2671 celebretur3
1522 2620 1745 2661 servitium

239 2691 368 2731 etiam
399 2690 450 2731 de
480 2690 680 2740 Domino,
715 2693 759 2730 et
793 2703 869 2743 pro
905 2688 1096 2738 mortuis,
1131 2691 1175 2729 et
1211 2687 1368 2740 siqua
1402 2686 1486 2727 alia
1517 2686 1609 2726 sine
1644 2688 1746 2726 nota

238 2756 450 2805 dicuntur,
476 2756 658 2805 tractim,
687 2755 902 2804 distincte,
931 2759 973 2796 et
1003 2758 1147 2808 aperte
1178 2753 1386 2801 dicantur,
1417 2755 1459 2792 et
1488 2753 1587 2791 ante
1616 2750 1745 2791 finem

239 2834 386 2861 versus
417 2834 470 2861 ex
500 2825 620 2875 parte
650 2835 737 2862 una
764 2835 851 2862 non
870 2820 1053 2874 incipiat
1073 2819 1205 2860 altera
1224 2831 1394 2859 versum
1414 2829 1551 2865 suum,
1572 2819 1615 2856 et
1645 2829 1744 2856 oon-

238 2885 526 2927 travenientes
563 2887 799 2927 secundum
840 2886 1030 2940 regulam
1065 2884 1261 2938 protinus
1297 2882 1569 2935 castigentur.
1632 2881 1745 2922 Item

240 2951 461 2991 silentium
509 2951 613 2991 locis
660 2956 703 2991 et
753 2951 1017 3004 temporibus
1067 2949 1223 2990 debitis
1272 2946 1508 2989 secundum
1557 2946 1746 3000 regulam

240 3017 496 3065 observetur,
538 3019 749 3069 quatenus
799 3016 988 3056 humana
1036 3014 1244 3068 fragilitas
1293 3013 1373 3054 hoc
1422 3012 1656 3067 permittat,
1697 3016 1742 3053 et
