1889 3221
335 367 698 399 OARTULARIUM
724 366 994 399 ABBATHIAE
1020 366 1084 398 DE
1108 366 1354 399 WHlTEBY.
1515 358 1592 395 661

79 475 174 516 Joh.
208 476 422 529 quandam
458 476 653 518 cedulam
684 476 898 530 scriptam,
930 490 1023 517 eam
1059 476 1205 517 statim
1237 475 1408 530 publice
1439 479 1482 516 et
1512 474 1596 515 dis-

79 541 214 582 tincte
234 542 350 597 legit,
375 542 673 596 praemittendo
704 546 754 582 ut
775 543 820 582 in
843 556 890 583 ea
911 542 1080 596 plenius
1102 542 1413 591 continebatur,
1435 545 1478 582 et
1498 540 1597 581 sub-

79 607 249 660 scripsit
289 608 335 648 in
371 609 517 649 eadem
553 609 688 649 forma
725 608 885 657 Crucis,
922 609 1043 662 cujus
1077 608 1252 661 quidem
1285 607 1448 649 cedulae
1477 611 1600 647 tenor

78 672 177 713 talis
192 675 432 729 est:—Ego,
445 675 592 715 Frater
603 676 630 714 J
634 674 835 723 ohannes,
849 674 994 714 Abbas
1009 673 1162 714 Mon'ii
1175 673 1227 713 de
1240 672 1460 726 Whiteby,
1473 673 1597 713 Ebor.

82 738 209 789 Dico„
248 740 568 794 subjectionem,
608 740 890 781 reverentiam
938 743 980 780 et
1025 739 1312 780 obedientiam
1362 753 1387 779 a
1430 738 1597 780 Sanctis

78 805 271 858 patribus
313 807 593 847 constitutam
633 806 869 847 secundum
911 805 1120 860 Regulam
1160 805 1198 846 S.
1237 804 1460 846 Benedicti
1500 805 1598 845 d'no

78 871 337 922 Alexandro,
377 873 500 914 Ebor.
541 872 782 926 Archiep'o,
822 872 995 925 suisque
1037 871 1348 912 successoribus
1397 870 1599 912 canonice

79 937 403 987 substituendis,
425 942 468 978 et
499 942 658 979 sanctae
691 937 790 978 Sedi
821 938 957 987 Ebot„
988 937 1107 978 salvo
1138 937 1285 978 ordine
1315 939 1471 986 nostro,
1504 949 1598 990 per-

77 1006 206 1056 petuo
237 1017 304 1044 me
336 1003 629 1044 exhibiturum
659 1003 861 1056 promitto
891 1007 933 1043 et
954 1002 1124 1056 propria
1145 1016 1277 1043 manu
1298 1001 1515 1042 subscribo
1531 1016 1599 1041 :—

80 1068 174 1117 Qua
203 1068 326 1118 lecta,
348 1069 462 1110 d'cus
492 1069 598 1110 Ven.
632 1072 761 1122 pater,
793 1069 923 1123 Ep'us
944 1068 1179 1122 Aybonen„
1201 1068 1379 1109 tradidit
1398 1067 1600 1122 primitus

77 1148 153 1188 per
173 1149 270 1175 eum
293 1135 430 1176 eidem
450 1135 571 1175 fratri
593 1135 783 1175 Johanni
802 1134 966 1175 Abbati
987 1134 1200 1188 pastorale
1222 1134 1268 1174 in
1290 1147 1421 1174 manu
1437 1133 1601 1182 dextra,

78 1200 160 1240 sibi
196 1214 340 1242 curam
375 1205 417 1242 et
452 1201 640 1255 regimen
672 1205 762 1242 tam
797 1201 1038 1241 animarum
1075 1200 1200 1241 dictae
1234 1199 1465 1241 Abbathiae
1500 1198 1600 1239 sub-

73 1266 283 1319 jectarum
306 1280 433 1320 quam
455 1267 665 1307 bonorum
687 1266 891 1320 ejusdem,
912 1269 1040 1320 prout
1061 1266 1190 1307 moris
1213 1269 1288 1315 est,
1311 1265 1536 1314 commisit,
1558 1268 1601 1306 et

78 1346 235 1373 munus
266 1333 577 1374 benedictionis
612 1333 826 1387 impendit
857 1333 1008 1382 eidem,
1045 1336 1088 1374 et
1119 1336 1270 1374 caetera
1301 1345 1398 1373 cum
1432 1330 1597 1372 decenti

78 1397 377 1452 solempnitate
404 1399 505 1440 fecit
525 1402 567 1440 et
589 1399 779 1440 exercuit
799 1398 845 1438 in
866 1412 964 1439 eum
985 1412 1080 1451 quae
1101 1398 1184 1439 sibi
1206 1402 1248 1438 et
1270 1411 1346 1438 suo
1368 1396 1600 1450 episcopali

78 1463 215 1505 officio
254 1465 561 1506 incumbebant
601 1465 647 1505 in
687 1465 767 1505 hac
807 1468 940 1518 parte,
975 1464 1209 1518 procedens
1245 1463 1347 1504 inde
1387 1463 1501 1503 ultra
1545 1462 1600 1503 ad

79 1530 303 1584 Evangelii
331 1530 558 1571 lectionem
589 1544 663 1584 per
694 1530 921 1571 diaconum
952 1543 1090 1579 suum,
1119 1533 1161 1570 et
1189 1528 1600 1570 consummationem

78 1595 219 1636 missae
239 1610 314 1650 per
335 1609 433 1637 eum
454 1595 635 1648 inceptae
655 1599 782 1648 prout
804 1595 1097 1648 supradictum
1120 1599 1194 1635 est.
1255 1595 1366 1634 Data
1387 1597 1488 1634 sunt
1508 1593 1600 1634 haec

79 1662 222 1702 omnia
257 1662 336 1702 sub
372 1675 496 1710 anno,
536 1661 782 1710 indictione,
817 1661 1089 1710 Pontificatu‚
1125 1673 1282 1709 mense,
1319 1659 1387 1700 die
1428 1663 1472 1700 et
1506 1658 1598 1700 loco

76 1727 389 1781 suprascriptis,
417 1731 459 1768 et
491 1726 820 1767 consecrationis
852 1726 958 1766 dicti
986 1725 1093 1766 Ven.
1125 1725 1212 1766 d'ni
1242 1725 1455 1779 Archiep’i
1486 1738 1598 1765 anno

75 1793 212 1847 primo
243 1793 487 1846 incipiente,
522 1792 803 1846 praesentibus
839 1792 1035 1832 discretis
1069 1791 1175 1832 viris
1211 1791 1323 1832 D’no
1354 1792 1516 1832 Thoma
1546 1791 1598 1832 de

78 1859 242 1913 Badby,
272 1858 473 1899 Ecclesiae
498 1858 632 1899 Lichf.
664 1862 934 1912 praecentore,
964 1857 1093 1899 fratre
1125 1857 1286 1898 Thonia
1316 1858 1368 1898 de
1399 1857 1598 1898 Haukes-

75 1925 212 1979 gai-th,
233 1924 440 1965 monacho
462 1924 713 1965 Monasterii
735 1924 786 1965 de
803 1923 1013 1978 VVhiteby
1028 1924 1233 1978 praedicti,
1256 1924 1386 1965 fratre
1406 1923 1597 1964 Waltero

76 1991 320 2045 Wycombe,
340 1991 547 2032 monacho
569 1990 721 2031 Mon'ii
738 1990 789 2031 de
820 1989 1068 2039 Stratforde,
1091 1989 1265 2030 Ordinis
1290 1989 1598 2039 Cisterciensis,

75 2057 262 2098 London.
281 2057 412 2106 Dioc.,
429 2057 626 2097 Johanne
644 2056 836 2096 Barbone
850 2055 902 2096 de
920 2056 1162 2110 Ickington,
1179 2055 1341 2110 Rogero
1358 2055 1410 2096 de
1427 2056 1598 2109 Brescy,

73 2126 116 2163 et
137 2123 166 2164 J
169 2123 335 2163 ohanne
357 2122 407 2163 de
424 2122 648 2171 Wroxton,
667 2121 842 2163 Clericis
865 2120 998 2162 Lichf.
1019 2125 1061 2162 et
1078 2120 1265 2162 London.
1284 2121 1417 2170 Dico„
1435 2134 1483 2161 ac
1501 2121 1596 2162 aliis

75 2188 121 2229 in
142 2188 421 2229 multitudine
443 2189 613 2242 copiosa
634 2188 829 2236 testibus,
852 2187 906 2227 ad
927 2187 1146 2240 praemissa
1166 2187 1329 2228 vocatis
1352 2187 1596 2240 specialiter

77 2259 119 2295 et
154 2255 321 2308 rogatis.
382 2255 439 2294 Et
472 2268 558 2307 ego,
592 2253 812 2294 Johannes
847 2253 898 2293 de
941 2253 1056 2292 Aula
1090 2253 1141 2292 de
1179 2252 1455 2305 Shipedham,
1487 2252 1596 2293 Cler.

75 2320 256 2360 Norwic.
279 2319 412 2368 Dioc.,
444 2319 687 2372 supradicto
710 2319 815 2358 Ven.
842 2317 965 2370 patri,
988 2318 1083 2357 d'no
1114 2317 1143 2357 J
1147 2317 1212 2357 oh.
1236 2318 1340 2370 Ep'o
1360 2317 1596 2370 Aybonen.,

76 2399 152 2439 per
172 2385 279 2425 Ven.
302 2387 344 2425 et
365 2384 627 2437 Religiosum
648 2383 800 2432 virum,
832 2383 1005 2423 fratrem
1037 2383 1066 2423 J
1069 2382 1282 2423 ohannem
1313 2383 1358 2423 in
1380 2383 1594 2423 Abbatem

78 2450 230 2491 Mon'ii
280 2450 332 2491 de
377 2450 570 2503 Whitby,
613 2449 787 2490 Ordinis
828 2448 867 2489 S.
910 2448 1147 2497 Benedicti,
1187 2449 1310 2490 Ebor.
1361 2449 1594 2490 Dioceseos

78 2516 274 2565 electum,
295 2516 668 2570 praesentationem
691 2519 733 2556 et
754 2514 1030 2555 traditionem
1062 2518 1104 2555 et
1135 2515 1326 2568 ipsarum
1355 2515 1594 2556 litterarum

78 2596 154 2636 per
183 2581 309 2635 praed.
343 2582 450 2623 Ven.
481 2585 647 2635 patrem
682 2580 827 2620 d'num
858 2580 1011 2634 Ep'um
1041 2580 1264 2634 Aybonen.
1296 2581 1596 2634 receptionem,

78 2661 126 2688 ac
162 2647 293 2688 etiam
327 2647 518 2688 muneris
553 2646 863 2687 benedictionis
900 2646 1013 2686 dicto
1044 2646 1165 2686 fratri
1205 2646 1302 2687 Joh.
1344 2660 1418 2700 per
1452 2647 1595 2700 ipsum

78 2713 184 2755 Ven.
202 2716 368 2766 patrem
390 2713 644 2753 auctoritate
666 2712 877 2752 dictarum
897 2711 1138 2752 litterarum
1159 2711 1413 2765 impensum,
1430 2725 1597 2752 necnon

79 2779 277 2820 omnibus
318 2783 360 2819 et
411 2778 593 2833 singulis
644 2777 953 2830 suprascriptis,
998 2790 1085 2817 una
1130 2791 1227 2817 cum
1276 2777 1596 2831 praenominatis

77 2845 273 2894 testibus,
309 2845 404 2886 dico
441 2844 501 2885 sic
536 2858 612 2897 per
643 2843 806 2883 dictum
841 2847 1007 2896 patrem
1038 2847 1263 2896 agerentur
1294 2847 1336 2884 et
1363 2843 1513 2884 fierent
1543 2844 1597 2884 ad

76 2909 222 2951 indict.
256 2914 334 2952 etc.
363 2924 548 2965 praesens
582 2909 771 2957 interfui,
803 2922 937 2962 eaque
968 2909 1111 2949 omnia
1142 2914 1185 2950 et
1215 2909 1384 2964 singula
1415 2910 1476 2951 sic
1507 2910 1598 2951 fieri

78 2976 169 3016 vidi
190 2980 232 3017 et
253 2976 410 3026 audivi,
427 2976 580 3031 recepi,
601 2979 643 3017 et
664 2989 738 3029 per
759 2974 888 3016 alium
914 2979 1144 3028 occupatus
1166 2976 1294 3017 scribi
1316 2976 1410 3017 feci.

137 3051 228 3082 VOL.
252 3053 295 3082 11.
1391 3052 1421 3082 U
