<?xml version="1.0" encoding="UTF-8"?>
<!DOCTYPE html PUBLIC "-//W3C//DTD XHTML 1.0 Transitional//EN"
    "http://www.w3.org/TR/xhtml1/DTD/xhtml1-transitional.dtd">
<html xmlns="http://www.w3.org/1999/xhtml" xml:lang="en" lang="en">
 <head>
  <title>
</title>
<meta http-equiv="Content-Type" content="text/html;charset=utf-8" />
  <meta name='ocr-system' content='tesseract 3.04.00' />
  <meta name='ocr-capabilities' content='ocr_page ocr_carea ocr_par ocr_line ocrx_word'/>
</head>
<body>
  <div class='ocr_page' id='page_1' title='image "./cartulariumabbat02whit_0377.png"; bbox 0 0 1889 3221; ppageno 0'>
   <div class='ocr_carea' id='block_1_1' title="bbox 372 336 1638 382">
    <p class='ocr_par' dir='ltr' id='par_1_1' title="bbox 372 336 1638 382">
     <span class='ocr_line' id='line_1_1' title="bbox 372 336 1638 382; baseline -0.007 0"><span class='ocrx_word' id='word_1_1' title='bbox 372 349 734 382; x_wconf 83' lang='lat' dir='ltr'><strong>OARTULARIUM</strong></span> <span class='ocrx_word' id='word_1_2' title='bbox 759 347 1029 380; x_wconf 85' lang='lat' dir='ltr'><strong>ABBATHIAE</strong></span> <span class='ocrx_word' id='word_1_3' title='bbox 1055 347 1119 379; x_wconf 90' lang='lat' dir='ltr'>DE</span> <span class='ocrx_word' id='word_1_4' title='bbox 1144 345 1391 380; x_wconf 87' lang='lat' dir='ltr'><strong>WHITEBY.</strong></span> <span class='ocrx_word' id='word_1_5' title='bbox 1559 336 1638 375; x_wconf 83' lang='grc'>713</span> 
     </span>
    </p>
   </div>
   <div class='ocr_carea' id='block_1_2' title="bbox 126 455 1650 2810">
    <p class='ocr_par' dir='ltr' id='par_1_2' title="bbox 127 455 1640 578">
     <span class='ocr_line' id='line_1_2' title="bbox 127 455 1640 512; baseline -0.003 -14"><span class='ocrx_word' id='word_1_6' title='bbox 127 458 200 499; x_wconf 83' lang='grc'><strong>1116</strong></span> <span class='ocrx_word' id='word_1_7' title='bbox 223 458 376 499; x_wconf 87' lang='grc' dir='ltr'><strong>Μ61101</strong></span> <span class='ocrx_word' id='word_1_8' title='bbox 396 459 440 500; x_wconf 80' lang='lat' dir='ltr'>os</span> <span class='ocrx_word' id='word_1_9' title='bbox 460 458 657 512; x_wconf 81' lang='lat' dir='ltr'>Thweng.</span> <span class='ocrx_word' id='word_1_10' title='bbox 719 458 762 498; x_wconf 89' lang='lat' dir='ltr'>It</span> <span class='ocrx_word' id='word_1_11' title='bbox 783 471 868 499; x_wconf 85' lang='lat' dir='ltr'>was</span> <span class='ocrx_word' id='word_1_12' title='bbox 891 456 1066 498; x_wconf 90' lang='lat' dir='ltr'>decided</span> <span class='ocrx_word' id='word_1_13' title='bbox 1087 455 1183 497; x_wconf 90' lang='lat' dir='ltr'>that</span> <span class='ocrx_word' id='word_1_14' title='bbox 1202 455 1276 497; x_wconf 88' lang='lat' dir='ltr'>the</span> <span class='ocrx_word' id='word_1_15' title='bbox 1292 468 1446 510; x_wconf 81' lang='lat' dir='ltr'>grange</span> <span class='ocrx_word' id='word_1_16' title='bbox 1462 467 1548 495; x_wconf 87' lang='lat' dir='ltr'>was</span> <span class='ocrx_word' id='word_1_17' title='bbox 1565 458 1640 494; x_wconf 90' lang='lat' dir='ltr'>not</span> 
     </span>
     <span class='ocr_line' id='line_1_3' title="bbox 127 523 1106 578; baseline 0 -14"><span class='ocrx_word' id='word_1_18' title='bbox 127 527 221 578; x_wconf 88' lang='lat' dir='ltr'>part</span> <span class='ocrx_word' id='word_1_19' title='bbox 242 525 288 565; x_wconf 82' lang='lat' dir='ltr'>of</span> <span class='ocrx_word' id='word_1_20' title='bbox 303 524 376 566; x_wconf 90' lang='lat' dir='ltr'>the</span> <span class='ocrx_word' id='word_1_21' title='bbox 398 526 553 566; x_wconf 88' lang='lat' dir='ltr'>Manor</span> <span class='ocrx_word' id='word_1_22' title='bbox 573 525 617 565; x_wconf 78' lang='lat' dir='ltr'>of</span> <span class='ocrx_word' id='word_1_23' title='bbox 637 524 825 578; x_wconf 82' lang='lat' dir='ltr'>Thweng</span> <span class='ocrx_word' id='word_1_24' title='bbox 846 524 907 578; x_wconf 85' lang='lat' dir='ltr'>(ii.</span> <span class='ocrx_word' id='word_1_25' title='bbox 928 538 967 577; x_wconf 91' lang='lat' dir='ltr'>p.</span> <span class='ocrx_word' id='word_1_26' title='bbox 993 523 1106 576; x_wconf 84' lang='lat'><strong>307).</strong></span> 
     </span>
    </p>

    <p class='ocr_par' dir='ltr' id='par_1_3' title="bbox 126 586 1640 777">
     <span class='ocr_line' id='line_1_4' title="bbox 187 586 1639 640; baseline -0.004 -8"><span class='ocrx_word' id='word_1_27' title='bbox 187 591 241 631; x_wconf 91' lang='lat' dir='ltr'>In</span> <span class='ocrx_word' id='word_1_28' title='bbox 269 605 293 631; x_wconf 88' lang='lat' dir='ltr'>a</span> <span class='ocrx_word' id='word_1_29' title='bbox 323 591 516 632; x_wconf 84' lang='lat' dir='ltr'>taxation</span> <span class='ocrx_word' id='word_1_30' title='bbox 538 591 585 632; x_wconf 87' lang='lat' dir='ltr'>of</span> <span class='ocrx_word' id='word_1_31' title='bbox 609 594 714 631; x_wconf 87' lang='lat'>1401</span> <span class='ocrx_word' id='word_1_32' title='bbox 735 591 917 631; x_wconf 79' lang='lat' dir='ltr'>z—Item</span> <span class='ocrx_word' id='word_1_33' title='bbox 937 590 983 630; x_wconf 90' lang='lat' dir='ltr'>in</span> <span class='ocrx_word' id='word_1_34' title='bbox 1005 589 1175 630; x_wconf 89' lang='lat' dir='ltr'>Oktona</span> <span class='ocrx_word' id='word_1_35' title='bbox 1196 602 1332 628; x_wconf 89' lang='lat' dir='ltr'>unum</span> <span class='ocrx_word' id='word_1_36' title='bbox 1351 586 1639 640; x_wconf 79' lang='lat' dir='ltr'>messuagium</span> 
     </span>
     <span class='ocr_line' id='line_1_5' title="bbox 127 651 1640 710; baseline -0.003 -14"><span class='ocrx_word' id='word_1_37' title='bbox 127 658 170 696; x_wconf 90' lang='lat' dir='ltr'>et</span> <span class='ocrx_word' id='word_1_38' title='bbox 200 671 259 696; x_wconf 86' lang='lat' dir='ltr'>xx</span> <span class='ocrx_word' id='word_1_39' title='bbox 289 656 464 697; x_wconf 88' lang='lat' dir='ltr'>bovatas</span> <span class='ocrx_word' id='word_1_40' title='bbox 495 656 584 698; x_wconf 80' lang='lat' dir='ltr'>t&#39;rae</span> <span class='ocrx_word' id='word_1_41' title='bbox 614 670 709 710; x_wconf 84' lang='lat' dir='ltr'>quae</span> <span class='ocrx_word' id='word_1_42' title='bbox 730 656 858 697; x_wconf 87' lang='lat' dir='ltr'>dictis</span> <span class='ocrx_word' id='word_1_43' title='bbox 879 655 1154 709; x_wconf 75' lang='lat' dir='ltr'>temporibus,</span> <span class='ocrx_word' id='word_1_44' title='bbox 1176 659 1265 704; x_wconf 62' lang='lat' dir='ltr'>etc„</span> <span class='ocrx_word' id='word_1_45' title='bbox 1286 667 1362 708; x_wconf 91' lang='lat' dir='ltr'>per</span> <span class='ocrx_word' id='word_1_46' title='bbox 1382 666 1544 693; x_wconf 88' lang='lat' dir='ltr'>annum</span> <span class='ocrx_word' id='word_1_47' title='bbox 1565 651 1640 691; x_wconf 83' lang='lat' dir='ltr'>xxi</span> 
     </span>
     <span class='ocr_line' id='line_1_6' title="bbox 126 722 584 777; baseline 0.004 -15"><span class='ocrx_word' id='word_1_48' title='bbox 126 722 283 763; x_wconf 87' lang='lat' dir='ltr'>solidos</span> <span class='ocrx_word' id='word_1_49' title='bbox 306 723 381 776; x_wconf 87' lang='lat' dir='ltr'>(iii.</span> <span class='ocrx_word' id='word_1_50' title='bbox 404 737 443 777; x_wconf 91' lang='lat' dir='ltr'>p.</span> <span class='ocrx_word' id='word_1_51' title='bbox 471 723 584 776; x_wconf 83' lang='lat'>292).</span> 
     </span>
    </p>

    <p class='ocr_par' dir='ltr' id='par_1_4' title="bbox 127 782 1650 2417">
     <span class='ocr_line' id='line_1_7' title="bbox 186 782 1640 841; baseline -0.004 -13"><span class='ocrx_word' id='word_1_52' title='bbox 186 789 240 828; x_wconf 90' lang='lat' dir='ltr'>In</span> <span class='ocrx_word' id='word_1_53' title='bbox 266 792 522 829; x_wconf 81' lang='lat'>1235-1249.</span> <span class='ocrx_word' id='word_1_54' title='bbox 586 788 769 838; x_wconf 75' lang='lat' dir='ltr'>Quidam</span> <span class='ocrx_word' id='word_1_55' title='bbox 794 787 1069 841; x_wconf 84' lang='lat' dir='ltr'>Reginaldus,</span> <span class='ocrx_word' id='word_1_56' title='bbox 1093 786 1351 841; x_wconf 75' lang='lat' dir='ltr'>capellanus,</span> <span class='ocrx_word' id='word_1_57' title='bbox 1373 784 1491 826; x_wconf 91' lang='lat' dir='ltr'>dedit</span> <span class='ocrx_word' id='word_1_58' title='bbox 1517 782 1640 824; x_wconf 86' lang='lat' dir='ltr'>nobis</span> 
     </span>
     <span class='ocr_line' id='line_1_8' title="bbox 128 851 1642 908; baseline -0.003 -14"><span class='ocrx_word' id='word_1_59' title='bbox 128 853 344 907; x_wconf 87' lang='lat' dir='ltr'>quandam</span> <span class='ocrx_word' id='word_1_60' title='bbox 364 854 606 908; x_wconf 87' lang='lat' dir='ltr'>portionem</span> <span class='ocrx_word' id='word_1_61' title='bbox 627 854 717 895; x_wconf 79' lang='lat' dir='ltr'>t’rae</span> <span class='ocrx_word' id='word_1_62' title='bbox 746 867 844 895; x_wconf 88' lang='lat' dir='ltr'>cum</span> <span class='ocrx_word' id='word_1_63' title='bbox 873 853 1062 908; x_wconf 81' lang='lat' dir='ltr'>gardinis</span> <span class='ocrx_word' id='word_1_64' title='bbox 1094 857 1136 894; x_wconf 90' lang='lat' dir='ltr'>et</span> <span class='ocrx_word' id='word_1_65' title='bbox 1167 852 1357 893; x_wconf 78' lang='lat' dir='ltr'>aedificiis</span> <span class='ocrx_word' id='word_1_66' title='bbox 1387 851 1434 891; x_wconf 88' lang='lat' dir='ltr'>in</span> <span class='ocrx_word' id='word_1_67' title='bbox 1464 863 1512 891; x_wconf 88' lang='lat' dir='ltr'>eo</span> <span class='ocrx_word' id='word_1_68' title='bbox 1543 862 1642 890; x_wconf 91' lang='lat' dir='ltr'>con-</span> 
     </span>
     <span class='ocr_line' id='line_1_9' title="bbox 127 914 1643 973; baseline -0.003 -14"><span class='ocrx_word' id='word_1_69' title='bbox 127 919 300 959; x_wconf 89' lang='lat' dir='ltr'>structis</span> <span class='ocrx_word' id='word_1_70' title='bbox 322 919 367 959; x_wconf 89' lang='lat' dir='ltr'>in</span> <span class='ocrx_word' id='word_1_71' title='bbox 389 919 423 959; x_wconf 85' lang='lat' dir='ltr'>F</span> <span class='ocrx_word' id='word_1_72' title='bbox 424 918 673 973; x_wconf 81' lang='lat' dir='ltr'>yschergate</span> <span class='ocrx_word' id='word_1_73' title='bbox 694 918 741 958; x_wconf 89' lang='lat' dir='ltr'>in</span> <span class='ocrx_word' id='word_1_74' title='bbox 770 919 970 968; x_wconf 88' lang='lat' dir='ltr'>Eboraco,</span> <span class='ocrx_word' id='word_1_75' title='bbox 991 921 1040 958; x_wconf 89' lang='lat' dir='ltr'>ut</span> <span class='ocrx_word' id='word_1_76' title='bbox 1065 932 1140 972; x_wconf 92' lang='lat' dir='ltr'>pro</span> <span class='ocrx_word' id='word_1_77' title='bbox 1161 917 1286 971; x_wconf 64' lang='lat' dir='ltr'>praed.</span> <span class='ocrx_word' id='word_1_78' title='bbox 1309 916 1456 970; x_wconf 82' lang='lat' dir='ltr'>placea</span> <span class='ocrx_word' id='word_1_79' title='bbox 1487 914 1569 955; x_wconf 89' lang='lat' dir='ltr'>sibi</span> <span class='ocrx_word' id='word_1_80' title='bbox 1600 916 1643 954; x_wconf 91' lang='lat' dir='ltr'>et</span> 
     </span>
     <span class='ocr_line' id='line_1_10' title="bbox 127 980 1643 1036; baseline -0.003 -12"><span class='ocrx_word' id='word_1_81' title='bbox 127 984 224 1024; x_wconf 80' lang='lat' dir='ltr'>haer.</span> <span class='ocrx_word' id='word_1_82' title='bbox 260 985 348 1025; x_wconf 83' lang='lat' dir='ltr'>suis</span> <span class='ocrx_word' id='word_1_83' title='bbox 383 985 445 1025; x_wconf 82' lang='lat' dir='ltr'>xii</span> <span class='ocrx_word' id='word_1_84' title='bbox 477 984 684 1033; x_wconf 88' lang='lat' dir='ltr'>denarios,</span> <span class='ocrx_word' id='word_1_85' title='bbox 708 988 751 1025; x_wconf 90' lang='lat' dir='ltr'>et</span> <span class='ocrx_word' id='word_1_86' title='bbox 781 984 1004 1024; x_wconf 88' lang='lat' dir='ltr'>monachis</span> <span class='ocrx_word' id='word_1_87' title='bbox 1036 984 1087 1024; x_wconf 95' lang='lat' dir='ltr'>de</span> <span class='ocrx_word' id='word_1_88' title='bbox 1108 983 1306 1036; x_wconf 90' lang='lat' dir='ltr'>Whytby</span> <span class='ocrx_word' id='word_1_89' title='bbox 1328 982 1434 1022; x_wconf 88' lang='grc'><strong>61106</strong></span> <span class='ocrx_word' id='word_1_90' title='bbox 1456 981 1518 1021; x_wconf 73' lang='lat' dir='ltr'>xii</span> <span class='ocrx_word' id='word_1_91' title='bbox 1549 980 1643 1020; x_wconf 87' lang='lat' dir='ltr'>den.</span> 
     </span>
     <span class='ocr_line' id='line_1_11' title="bbox 128 1047 1645 1103; baseline -0.003 -14"><span class='ocrx_word' id='word_1_92' title='bbox 128 1064 292 1090; x_wconf 86' lang='lat' dir='ltr'>annuos</span> <span class='ocrx_word' id='word_1_93' title='bbox 312 1050 596 1101; x_wconf 84' lang='lat' dir='ltr'>solveremus3</span> <span class='ocrx_word' id='word_1_94' title='bbox 627 1049 700 1091; x_wconf 88' lang='lat' dir='ltr'>sed</span> <span class='ocrx_word' id='word_1_95' title='bbox 721 1052 867 1090; x_wconf 88' lang='lat' dir='ltr'>tamen</span> <span class='ocrx_word' id='word_1_96' title='bbox 886 1049 1017 1103; x_wconf 88' lang='lat' dir='ltr'>primi</span> <span class='ocrx_word' id='word_1_97' title='bbox 1047 1048 1109 1089; x_wconf 84' lang='lat' dir='ltr'>xii</span> <span class='ocrx_word' id='word_1_98' title='bbox 1130 1048 1223 1089; x_wconf 91' lang='lat' dir='ltr'>den.</span> <span class='ocrx_word' id='word_1_99' title='bbox 1256 1047 1571 1094; x_wconf 84' lang='lat' dir='ltr'>relaxabantur,</span> <span class='ocrx_word' id='word_1_100' title='bbox 1602 1048 1645 1085; x_wconf 91' lang='lat' dir='ltr'>et</span> 
     </span>
     <span class='ocr_line' id='line_1_12' title="bbox 128 1111 1644 1157; baseline -0.003 -2"><span class='ocrx_word' id='word_1_101' title='bbox 128 1115 348 1156; x_wconf 81' lang='lat' dir='ltr'>Gilbertus</span> <span class='ocrx_word' id='word_1_102' title='bbox 379 1115 494 1157; x_wconf 88' lang='lat' dir='ltr'>filius</span> <span class='ocrx_word' id='word_1_103' title='bbox 526 1115 710 1156; x_wconf 91' lang='lat' dir='ltr'>Arnaldi</span> <span class='ocrx_word' id='word_1_104' title='bbox 744 1115 796 1156; x_wconf 92' lang='lat' dir='ltr'>de</span> <span class='ocrx_word' id='word_1_105' title='bbox 830 1115 962 1156; x_wconf 79' lang='lat' dir='ltr'>Bai-ra</span> <span class='ocrx_word' id='word_1_106' title='bbox 991 1128 1127 1155; x_wconf 90' lang='lat' dir='ltr'>unum</span> <span class='ocrx_word' id='word_1_107' title='bbox 1163 1114 1323 1155; x_wconf 87' lang='lat' dir='ltr'>toftum</span> <span class='ocrx_word' id='word_1_108' title='bbox 1356 1115 1397 1154; x_wconf 85' lang='lat' dir='ltr'>et</span> <span class='ocrx_word' id='word_1_109' title='bbox 1433 1111 1644 1152; x_wconf 84' lang='lat' dir='ltr'>Robertus</span> 
     </span>
     <span class='ocr_line' id='line_1_13' title="bbox 127 1178 1646 1235; baseline -0.002 -15"><span class='ocrx_word' id='word_1_110' title='bbox 127 1181 370 1235; x_wconf 88' lang='lat' dir='ltr'>Fraunceys</span> <span class='ocrx_word' id='word_1_111' title='bbox 410 1181 539 1222; x_wconf 88' lang='lat' dir='ltr'>aliam</span> <span class='ocrx_word' id='word_1_112' title='bbox 579 1181 819 1235; x_wconf 89' lang='lat' dir='ltr'>portionem</span> <span class='ocrx_word' id='word_1_113' title='bbox 859 1181 959 1229; x_wconf 85' lang='lat' dir='ltr'>t’rae,</span> <span class='ocrx_word' id='word_1_114' title='bbox 995 1184 1124 1234; x_wconf 86' lang='lat' dir='ltr'>atque</span> <span class='ocrx_word' id='word_1_115' title='bbox 1160 1179 1368 1220; x_wconf 80' lang='lat' dir='ltr'>Paulinus</span> <span class='ocrx_word' id='word_1_116' title='bbox 1402 1178 1444 1219; x_wconf 90' lang='lat' dir='ltr'>le</span> <span class='ocrx_word' id='word_1_117' title='bbox 1480 1178 1646 1218; x_wconf 88' lang='lat' dir='ltr'>Mercer</span> 
     </span>
     <span class='ocr_line' id='line_1_14' title="bbox 128 1244 1645 1301; baseline -0.004 -13"><span class='ocrx_word' id='word_1_118' title='bbox 128 1246 256 1287; x_wconf 76' lang='lat' dir='ltr'>aliam</span> <span class='ocrx_word' id='word_1_119' title='bbox 277 1247 520 1301; x_wconf 90' lang='lat' dir='ltr'>portionem</span> <span class='ocrx_word' id='word_1_120' title='bbox 541 1247 640 1297; x_wconf 83' lang='lat' dir='ltr'>t&#39;rae,</span> <span class='ocrx_word' id='word_1_121' title='bbox 666 1251 708 1288; x_wconf 91' lang='lat' dir='ltr'>et</span> <span class='ocrx_word' id='word_1_122' title='bbox 731 1246 952 1288; x_wconf 84' lang='lat' dir='ltr'>Gilbertus</span> <span class='ocrx_word' id='word_1_123' title='bbox 975 1246 1026 1287; x_wconf 93' lang='lat' dir='ltr'>de</span> <span class='ocrx_word' id='word_1_124' title='bbox 1047 1246 1192 1286; x_wconf 89' lang='lat' dir='ltr'>Atona</span> <span class='ocrx_word' id='word_1_125' title='bbox 1213 1244 1428 1299; x_wconf 86' lang='lat' dir='ltr'>quoddam</span> <span class='ocrx_word' id='word_1_126' title='bbox 1457 1256 1645 1283; x_wconf 85' lang='lat' dir='ltr'>messua-</span> 
     </span>
     <span class='ocr_line' id='line_1_15' title="bbox 127 1308 1647 1367; baseline -0.003 -15"><span class='ocrx_word' id='word_1_127' title='bbox 127 1313 245 1367; x_wconf 82' lang='lat' dir='ltr'>gium</span> <span class='ocrx_word' id='word_1_128' title='bbox 276 1313 450 1364; x_wconf 81' lang='lat' dir='ltr'>ibidem,</span> <span class='ocrx_word' id='word_1_129' title='bbox 479 1313 696 1354; x_wconf 90' lang='lat' dir='ltr'>reddendo</span> <span class='ocrx_word' id='word_1_130' title='bbox 727 1312 946 1354; x_wconf 87' lang='lat' dir='ltr'>monachis</span> <span class='ocrx_word' id='word_1_131' title='bbox 977 1313 1029 1353; x_wconf 92' lang='lat' dir='ltr'>de</span> <span class='ocrx_word' id='word_1_132' title='bbox 1049 1312 1247 1365; x_wconf 86' lang='lat' dir='ltr'>Whytby</span> <span class='ocrx_word' id='word_1_133' title='bbox 1269 1311 1374 1351; x_wconf 89' lang='lat' dir='ltr'>duos</span> <span class='ocrx_word' id='word_1_134' title='bbox 1405 1308 1573 1357; x_wconf 85' lang='lat' dir='ltr'>solidos,</span> <span class='ocrx_word' id='word_1_135' title='bbox 1604 1312 1647 1348; x_wconf 92' lang='lat' dir='ltr'>et</span> 
     </span>
     <span class='ocr_line' id='line_1_16' title="bbox 131 1374 1646 1425; baseline -0.005 -5"><span class='ocrx_word' id='word_1_136' title='bbox 131 1379 311 1420; x_wconf 85' lang='lat' dir='ltr'>Ballivis</span> <span class='ocrx_word' id='word_1_137' title='bbox 333 1379 534 1420; x_wconf 86' lang='lat' dir='ltr'>Civitatis</span> <span class='ocrx_word' id='word_1_138' title='bbox 565 1379 688 1420; x_wconf 88' lang='lat' dir='ltr'>Ebor.</span> <span class='ocrx_word' id='word_1_139' title='bbox 711 1393 847 1419; x_wconf 89' lang='lat' dir='ltr'>unum</span> <span class='ocrx_word' id='word_1_140' title='bbox 870 1379 1093 1419; x_wconf 87' lang='lat' dir='ltr'>denarium</span> <span class='ocrx_word' id='word_1_141' title='bbox 1125 1377 1361 1425; x_wconf 89' lang='lat' dir='ltr'>annuatim,</span> <span class='ocrx_word' id='word_1_142' title='bbox 1393 1374 1516 1415; x_wconf 88' lang='lat' dir='ltr'>nobis</span> <span class='ocrx_word' id='word_1_143' title='bbox 1548 1387 1646 1414; x_wconf 91' lang='grc'><strong>0011-</strong></span> 
     </span>
     <span class='ocr_line' id='line_1_17' title="bbox 128 1439 1646 1498; baseline -0.003 -14"><span class='ocrx_word' id='word_1_144' title='bbox 128 1444 332 1485; x_wconf 86' lang='grc'><strong>11116111111.</strong></span> <span class='ocrx_word' id='word_1_145' title='bbox 393 1445 453 1485; x_wconf 92' lang='lat' dir='ltr'>At</span> <span class='ocrx_word' id='word_1_146' title='bbox 482 1445 612 1485; x_wconf 88' lang='lat' dir='ltr'>etiam</span> <span class='ocrx_word' id='word_1_147' title='bbox 643 1445 842 1485; x_wconf 90' lang='lat' dir='ltr'>monachi</span> <span class='ocrx_word' id='word_1_148' title='bbox 872 1444 957 1498; x_wconf 89' lang='lat' dir='ltr'>ipsi</span> <span class='ocrx_word' id='word_1_149' title='bbox 988 1444 1040 1484; x_wconf 91' lang='lat' dir='ltr'>de</span> <span class='ocrx_word' id='word_1_150' title='bbox 1060 1444 1257 1497; x_wconf 85' lang='lat' dir='ltr'>Whytby</span> <span class='ocrx_word' id='word_1_151' title='bbox 1286 1442 1494 1483; x_wconf 84' lang='lat' dir='ltr'>dederunt</span> <span class='ocrx_word' id='word_1_152' title='bbox 1524 1439 1646 1480; x_wconf 89' lang='lat' dir='ltr'>nobis</span> 
     </span>
     <span class='ocr_line' id='line_1_18' title="bbox 130 1505 1646 1564; baseline -0.003 -15"><span class='ocrx_word' id='word_1_153' title='bbox 130 1509 307 1550; x_wconf 87' lang='lat' dir='ltr'>alteram</span> <span class='ocrx_word' id='word_1_154' title='bbox 338 1510 530 1564; x_wconf 81' lang='lat' dir='ltr'>placeam</span> <span class='ocrx_word' id='word_1_155' title='bbox 560 1510 649 1551; x_wconf 85' lang='lat' dir='ltr'>t&#39;rae</span> <span class='ocrx_word' id='word_1_156' title='bbox 680 1510 806 1551; x_wconf 89' lang='lat' dir='ltr'>dictis</span> <span class='ocrx_word' id='word_1_157' title='bbox 839 1509 1092 1564; x_wconf 84' lang='lat' dir='ltr'>messuagiis</span> <span class='ocrx_word' id='word_1_158' title='bbox 1136 1509 1391 1563; x_wconf 81' lang='lat' dir='ltr'>contiguam,</span> <span class='ocrx_word' id='word_1_159' title='bbox 1431 1505 1646 1548; x_wconf 87' lang='lat' dir='ltr'>reddendo</span> 
     </span>
     <span class='ocr_line' id='line_1_19' title="bbox 129 1572 1647 1629; baseline -0.003 -14"><span class='ocrx_word' id='word_1_160' title='bbox 129 1574 213 1615; x_wconf 87' lang='lat' dir='ltr'>sibi</span> <span class='ocrx_word' id='word_1_161' title='bbox 247 1575 439 1629; x_wconf 82' lang='lat' dir='ltr'>quinque</span> <span class='ocrx_word' id='word_1_162' title='bbox 475 1575 632 1616; x_wconf 88' lang='lat' dir='ltr'>solidos</span> <span class='ocrx_word' id='word_1_163' title='bbox 673 1575 907 1616; x_wconf 72' lang='lat' dir='ltr'>annuatim.</span> <span class='ocrx_word' id='word_1_164' title='bbox 981 1576 1037 1615; x_wconf 86' lang='lat' dir='ltr'>Et</span> <span class='ocrx_word' id='word_1_165' title='bbox 1073 1574 1269 1629; x_wconf 87' lang='lat' dir='ltr'>quamvis</span> <span class='ocrx_word' id='word_1_166' title='bbox 1305 1573 1485 1627; x_wconf 88' lang='lat' dir='ltr'>amplior</span> <span class='ocrx_word' id='word_1_167' title='bbox 1524 1572 1647 1612; x_wconf 87' lang='lat' dir='ltr'>firma</span> 
     </span>
     <span class='ocr_line' id='line_1_20' title="bbox 129 1637 1647 1695; baseline -0.002 -14"><span class='ocrx_word' id='word_1_168' title='bbox 129 1654 272 1682; x_wconf 89' lang='lat' dir='ltr'>annua</span> <span class='ocrx_word' id='word_1_169' title='bbox 313 1655 442 1695; x_wconf 89' lang='lat' dir='ltr'>quam</span> <span class='ocrx_word' id='word_1_170' title='bbox 482 1641 673 1695; x_wconf 85' lang='lat' dir='ltr'>quinque</span> <span class='ocrx_word' id='word_1_171' title='bbox 714 1641 841 1682; x_wconf 88' lang='lat' dir='ltr'>solidi</span> <span class='ocrx_word' id='word_1_172' title='bbox 881 1641 1068 1695; x_wconf 81' lang='lat' dir='ltr'>praefatis</span> <span class='ocrx_word' id='word_1_173' title='bbox 1104 1640 1325 1682; x_wconf 86' lang='lat' dir='ltr'>monachis</span> <span class='ocrx_word' id='word_1_174' title='bbox 1361 1640 1414 1680; x_wconf 90' lang='grc'>(16</span> <span class='ocrx_word' id='word_1_175' title='bbox 1448 1637 1647 1692; x_wconf 85' lang='lat' dir='ltr'>Whytby</span> 
     </span>
     <span class='ocr_line' id='line_1_21' title="bbox 131 1703 1647 1761; baseline -0.003 -14"><span class='ocrx_word' id='word_1_176' title='bbox 131 1706 322 1748; x_wconf 89' lang='lat' dir='ltr'>solvatur</span> <span class='ocrx_word' id='word_1_177' title='bbox 360 1707 671 1761; x_wconf 73' lang='lat' dir='ltr'>praescribatur,</span> <span class='ocrx_word' id='word_1_178' title='bbox 711 1707 822 1747; x_wconf 85' lang='lat' dir='ltr'>nihil</span> <span class='ocrx_word' id='word_1_179' title='bbox 863 1707 1048 1761; x_wconf 87' lang='lat' dir='ltr'>amplius</span> <span class='ocrx_word' id='word_1_180' title='bbox 1088 1720 1217 1761; x_wconf 89' lang='lat' dir='ltr'>quam</span> <span class='ocrx_word' id='word_1_181' title='bbox 1259 1706 1448 1760; x_wconf 89' lang='lat' dir='ltr'>quinque</span> <span class='ocrx_word' id='word_1_182' title='bbox 1490 1703 1647 1745; x_wconf 87' lang='lat' dir='ltr'>solidos</span> 
     </span>
     <span class='ocr_line' id='line_1_22' title="bbox 130 1771 1647 1822; baseline -0.004 -8"><span class='ocrx_word' id='word_1_183' title='bbox 130 1773 190 1814; x_wconf 88' lang='lat' dir='ltr'>eis</span> <span class='ocrx_word' id='word_1_184' title='bbox 227 1773 433 1814; x_wconf 88' lang='lat' dir='ltr'>solvimus</span> <span class='ocrx_word' id='word_1_185' title='bbox 469 1773 704 1822; x_wconf 77' lang='lat' dir='ltr'>annuatim,</span> <span class='ocrx_word' id='word_1_186' title='bbox 740 1787 818 1814; x_wconf 91' lang='grc'><strong>1160</strong></span> <span class='ocrx_word' id='word_1_187' title='bbox 852 1773 898 1813; x_wconf 87' lang='grc'>111</span> <span class='ocrx_word' id='word_1_188' title='bbox 933 1773 1175 1814; x_wconf 86' lang='lat' dir='ltr'>indenturis</span> <span class='ocrx_word' id='word_1_189' title='bbox 1211 1772 1323 1813; x_wconf 86' lang='lat' dir='ltr'>inter</span> <span class='ocrx_word' id='word_1_190' title='bbox 1358 1771 1453 1811; x_wconf 91' lang='lat' dir='ltr'>illos</span> <span class='ocrx_word' id='word_1_191' title='bbox 1491 1773 1535 1810; x_wconf 90' lang='lat' dir='ltr'>et</span> <span class='ocrx_word' id='word_1_192' title='bbox 1570 1782 1647 1808; x_wconf 90' lang='lat' dir='ltr'>nos</span> 
     </span>
     <span class='ocr_line' id='line_1_23' title="bbox 130 1837 1648 1892; baseline -0.003 -14"><span class='ocrx_word' id='word_1_193' title='bbox 130 1838 336 1879; x_wconf 79' lang='lat' dir='ltr'>confectis</span> <span class='ocrx_word' id='word_1_194' title='bbox 376 1838 459 1879; x_wconf 90' lang='lat' dir='ltr'>nisi</span> <span class='ocrx_word' id='word_1_195' title='bbox 498 1841 670 1879; x_wconf 88' lang='lat' dir='ltr'>tantum</span> <span class='ocrx_word' id='word_1_196' title='bbox 700 1838 752 1879; x_wconf 92' lang='lat' dir='ltr'>de</span> <span class='ocrx_word' id='word_1_197' title='bbox 785 1838 976 1892; x_wconf 90' lang='lat' dir='ltr'>quinque</span> <span class='ocrx_word' id='word_1_198' title='bbox 1011 1838 1158 1879; x_wconf 85' lang='lat' dir='ltr'>solidis</span> <span class='ocrx_word' id='word_1_199' title='bbox 1199 1837 1352 1878; x_wconf 89' lang='lat' dir='ltr'>annuis</span> <span class='ocrx_word' id='word_1_200' title='bbox 1388 1838 1648 1876; x_wconf 87' lang='lat' dir='ltr'>memoratur</span> 
     </span>
     <span class='ocr_line' id='line_1_24' title="bbox 129 1900 1646 1957; baseline -0.003 -13"><span class='ocrx_word' id='word_1_201' title='bbox 129 1903 190 1956; x_wconf 89' lang='lat' dir='ltr'>(ii.</span> <span class='ocrx_word' id='word_1_202' title='bbox 219 1917 258 1957; x_wconf 90' lang='lat' dir='ltr'>p.</span> <span class='ocrx_word' id='word_1_203' title='bbox 291 1903 375 1957; x_wconf 88' lang='lat'>63),</span> <span class='ocrx_word' id='word_1_204' title='bbox 403 1903 548 1944; x_wconf 88' lang='lat' dir='ltr'>Abbas</span> <span class='ocrx_word' id='word_1_205' title='bbox 580 1903 710 1944; x_wconf 89' lang='lat' dir='ltr'>etiam</span> <span class='ocrx_word' id='word_1_206' title='bbox 741 1907 783 1944; x_wconf 93' lang='lat' dir='ltr'>et</span> <span class='ocrx_word' id='word_1_207' title='bbox 814 1903 1013 1944; x_wconf 90' lang='lat' dir='ltr'>monachi</span> <span class='ocrx_word' id='word_1_208' title='bbox 1043 1903 1096 1944; x_wconf 91' lang='lat' dir='ltr'>de</span> <span class='ocrx_word' id='word_1_209' title='bbox 1125 1903 1322 1957; x_wconf 86' lang='lat' dir='ltr'>Whytby</span> <span class='ocrx_word' id='word_1_210' title='bbox 1350 1902 1510 1942; x_wconf 86' lang='lat' dir='ltr'>habent</span> <span class='ocrx_word' id='word_1_211' title='bbox 1541 1900 1646 1941; x_wconf 86' lang='lat' dir='ltr'>duas</span> 
     </span>
     <span class='ocr_line' id='line_1_25' title="bbox 129 1965 1647 2023; baseline -0.004 -13"><span class='ocrx_word' id='word_1_212' title='bbox 129 1973 271 2023; x_wconf 91' lang='lat' dir='ltr'>partes</span> <span class='ocrx_word' id='word_1_213' title='bbox 304 1969 478 2010; x_wconf 79' lang='lat' dir='ltr'>decimae</span> <span class='ocrx_word' id='word_1_214' title='bbox 508 1969 732 2023; x_wconf 81' lang='lat' dir='ltr'>garbarum</span> <span class='ocrx_word' id='word_1_215' title='bbox 768 1969 821 2010; x_wconf 92' lang='lat' dir='ltr'>de</span> <span class='ocrx_word' id='word_1_216' title='bbox 853 1983 962 2010; x_wconf 92' lang='lat' dir='ltr'>omn.</span> <span class='ocrx_word' id='word_1_217' title='bbox 997 1969 1146 2010; x_wconf 88' lang='lat' dir='ltr'>d&#39;nicis</span> <span class='ocrx_word' id='word_1_218' title='bbox 1175 1969 1265 2009; x_wconf 87' lang='lat' dir='ltr'>t&#39;ris</span> <span class='ocrx_word' id='word_1_219' title='bbox 1299 1968 1353 2009; x_wconf 92' lang='lat' dir='ltr'>ad</span> <span class='ocrx_word' id='word_1_220' title='bbox 1385 1965 1647 2007; x_wconf 87' lang='lat' dir='ltr'>dominicum</span> 
     </span>
     <span class='ocr_line' id='line_1_26' title="bbox 130 2032 1647 2088; baseline -0.004 -13"><span class='ocrx_word' id='word_1_221' title='bbox 130 2039 174 2076; x_wconf 92' lang='lat' dir='ltr'>et</span> <span class='ocrx_word' id='word_1_222' title='bbox 205 2035 417 2076; x_wconf 90' lang='lat' dir='ltr'>culturam</span> <span class='ocrx_word' id='word_1_223' title='bbox 447 2035 556 2075; x_wconf 88' lang='lat' dir='ltr'>situs</span> <span class='ocrx_word' id='word_1_224' title='bbox 586 2034 768 2075; x_wconf 86' lang='lat' dir='ltr'>manerii</span> <span class='ocrx_word' id='word_1_225' title='bbox 800 2035 852 2075; x_wconf 89' lang='lat' dir='ltr'>de</span> <span class='ocrx_word' id='word_1_226' title='bbox 888 2035 930 2075; x_wconf 92' lang='lat' dir='ltr'>N</span> <span class='ocrx_word' id='word_1_227' title='bbox 933 2034 1165 2075; x_wconf 82' lang='lat' dir='ltr'>affretonal</span> <span class='ocrx_word' id='word_1_228' title='bbox 1197 2032 1522 2088; x_wconf 83' lang='lat' dir='ltr'>pertinentibus,</span> <span class='ocrx_word' id='word_1_229' title='bbox 1559 2034 1647 2070; x_wconf 89' lang='lat' dir='ltr'>tam</span> 
     </span>
     <span class='ocr_line' id='line_1_27' title="bbox 130 2096 1650 2154; baseline -0.004 -13"><span class='ocrx_word' id='word_1_230' title='bbox 130 2102 177 2141; x_wconf 90' lang='lat' dir='ltr'>in</span> <span class='ocrx_word' id='word_1_231' title='bbox 204 2114 353 2154; x_wconf 89' lang='lat' dir='ltr'>campo</span> <span class='ocrx_word' id='word_1_232' title='bbox 382 2100 433 2141; x_wconf 91' lang='lat' dir='ltr'>de</span> <span class='ocrx_word' id='word_1_233' title='bbox 464 2100 712 2141; x_wconf 84' lang='lat' dir='ltr'>Naffretone</span> <span class='ocrx_word' id='word_1_234' title='bbox 744 2114 872 2154; x_wconf 90' lang='lat' dir='ltr'>quam</span> <span class='ocrx_word' id='word_1_235' title='bbox 903 2100 950 2140; x_wconf 90' lang='lat' dir='ltr'>in</span> <span class='ocrx_word' id='word_1_236' title='bbox 981 2114 1130 2154; x_wconf 89' lang='lat' dir='ltr'>campo</span> <span class='ocrx_word' id='word_1_237' title='bbox 1162 2100 1213 2141; x_wconf 91' lang='lat' dir='ltr'>de</span> <span class='ocrx_word' id='word_1_238' title='bbox 1233 2096 1574 2145; x_wconf 86' lang='lat' dir='ltr'>Wandesforthe,</span> <span class='ocrx_word' id='word_1_239' title='bbox 1606 2101 1650 2136; x_wconf 90' lang='lat' dir='ltr'>et</span> 
     </span>
     <span class='ocr_line' id='line_1_28' title="bbox 130 2161 1647 2221; baseline -0.005 -14"><span class='ocrx_word' id='word_1_240' title='bbox 130 2167 342 2221; x_wconf 79' lang='lat' dir='ltr'>praecipue</span> <span class='ocrx_word' id='word_1_241' title='bbox 375 2166 427 2207; x_wconf 86' lang='lat' dir='ltr'>de</span> <span class='ocrx_word' id='word_1_242' title='bbox 462 2166 547 2207; x_wconf 87' lang='lat' dir='ltr'>illis</span> <span class='ocrx_word' id='word_1_243' title='bbox 588 2166 677 2207; x_wconf 88' lang='lat' dir='ltr'>t&#39;ris</span> <span class='ocrx_word' id='word_1_244' title='bbox 713 2180 808 2219; x_wconf 82' lang='lat' dir='ltr'>quae</span> <span class='ocrx_word' id='word_1_245' title='bbox 844 2166 1019 2206; x_wconf 84' lang='lat' dir='ltr'>fuerunt</span> <span class='ocrx_word' id='word_1_246' title='bbox 1053 2166 1101 2206; x_wconf 92' lang='lat' dir='ltr'>in</span> <span class='ocrx_word' id='word_1_247' title='bbox 1137 2165 1274 2205; x_wconf 90' lang='lat' dir='ltr'>d&#39;nica</span> <span class='ocrx_word' id='word_1_248' title='bbox 1309 2164 1477 2205; x_wconf 88' lang='lat' dir='ltr'>cultura</span> <span class='ocrx_word' id='word_1_249' title='bbox 1511 2161 1647 2215; x_wconf 88' lang='lat' dir='ltr'>ipsius</span> 
     </span>
     <span class='ocr_line' id='line_1_29' title="bbox 130 2229 1647 2285; baseline -0.005 -12"><span class='ocrx_word' id='word_1_250' title='bbox 130 2232 311 2274; x_wconf 82' lang='lat' dir='ltr'>manerii</span> <span class='ocrx_word' id='word_1_251' title='bbox 341 2232 393 2272; x_wconf 89' lang='lat' dir='ltr'>ab</span> <span class='ocrx_word' id='word_1_252' title='bbox 426 2232 615 2285; x_wconf 88' lang='lat' dir='ltr'>antiquo,</span> <span class='ocrx_word' id='word_1_253' title='bbox 646 2245 740 2285; x_wconf 82' lang='lat' dir='ltr'>quae</span> <span class='ocrx_word' id='word_1_254' title='bbox 770 2231 917 2272; x_wconf 86' lang='lat' dir='ltr'>valent</span> <span class='ocrx_word' id='word_1_255' title='bbox 952 2230 1175 2271; x_wconf 74' lang='lat' dir='ltr'>annuatim</span> <span class='ocrx_word' id='word_1_256' title='bbox 1206 2229 1328 2283; x_wconf 88' lang='lat' dir='ltr'>quasi</span> <span class='ocrx_word' id='word_1_257' title='bbox 1363 2242 1438 2270; x_wconf 86' lang='lat' dir='ltr'>sex</span> <span class='ocrx_word' id='word_1_258' title='bbox 1473 2240 1647 2275; x_wconf 88' lang='lat' dir='ltr'>marcas,</span> 
     </span>
     <span class='ocr_line' id='line_1_30' title="bbox 134 2292 1646 2351; baseline -0.005 -12"><span class='ocrx_word' id='word_1_259' title='bbox 134 2303 177 2340; x_wconf 88' lang='lat' dir='ltr'>et</span> <span class='ocrx_word' id='word_1_260' title='bbox 208 2298 335 2339; x_wconf 86' lang='lat' dir='ltr'>tertia</span> <span class='ocrx_word' id='word_1_261' title='bbox 365 2311 462 2351; x_wconf 87' lang='lat' dir='ltr'>pars</span> <span class='ocrx_word' id='word_1_262' title='bbox 484 2297 608 2338; x_wconf 80' lang='lat' dir='ltr'>dictae</span> <span class='ocrx_word' id='word_1_263' title='bbox 630 2297 803 2337; x_wconf 75' lang='lat' dir='ltr'>decimae</span> <span class='ocrx_word' id='word_1_264' title='bbox 832 2297 1057 2351; x_wconf 82' lang='lat' dir='ltr'>garbarum</span> <span class='ocrx_word' id='word_1_265' title='bbox 1088 2296 1297 2336; x_wconf 87' lang='lat' dir='ltr'>dictarum</span> <span class='ocrx_word' id='word_1_266' title='bbox 1325 2295 1498 2335; x_wconf 87' lang='lat' dir='ltr'>t&#39;rarum</span> <span class='ocrx_word' id='word_1_267' title='bbox 1524 2292 1646 2333; x_wconf 89' lang='lat' dir='ltr'>nobis</span> 
     </span>
     <span class='ocr_line' id='line_1_31' title="bbox 133 2360 1444 2417; baseline -0.005 -12"><span class='ocrx_word' id='word_1_268' title='bbox 133 2369 176 2405; x_wconf 91' lang='grc'>61</span> <span class='ocrx_word' id='word_1_269' title='bbox 197 2364 320 2404; x_wconf 82' lang='grc'><strong>(110166</strong></span> <span class='ocrx_word' id='word_1_270' title='bbox 341 2363 528 2404; x_wconf 83' lang='lat' dir='ltr'>ecclesiae</span> <span class='ocrx_word' id='word_1_271' title='bbox 548 2363 618 2417; x_wconf 91' lang='lat' dir='ltr'>(de</span> <span class='ocrx_word' id='word_1_272' title='bbox 639 2362 907 2415; x_wconf 86' lang='lat' dir='ltr'>Naffretona)</span> <span class='ocrx_word' id='word_1_273' title='bbox 929 2366 1165 2403; x_wconf 88' lang='lat' dir='ltr'>reservatur</span> <span class='ocrx_word' id='word_1_274' title='bbox 1186 2362 1247 2416; x_wconf 88' lang='lat' dir='ltr'>(ii.</span> <span class='ocrx_word' id='word_1_275' title='bbox 1267 2375 1306 2415; x_wconf 86' lang='lat' dir='ltr'>p.</span> <span class='ocrx_word' id='word_1_276' title='bbox 1332 2360 1444 2412; x_wconf 82' lang='lat'>231).</span> 
     </span>
    </p>

    <p class='ocr_par' dir='ltr' id='par_1_5' title="bbox 135 2427 1648 2810">
     <span class='ocr_line' id='line_1_32' title="bbox 193 2427 1645 2478; baseline -0.004 -8"><span class='ocrx_word' id='word_1_277' title='bbox 193 2431 248 2471; x_wconf 87' lang='lat' dir='ltr'>In</span> <span class='ocrx_word' id='word_1_278' title='bbox 272 2432 527 2470; x_wconf 82' lang='lat'>1339-1349.</span> <span class='ocrx_word' id='word_1_279' title='bbox 581 2429 751 2469; x_wconf 88' lang='lat' dir='ltr'>Interea</span> <span class='ocrx_word' id='word_1_280' title='bbox 775 2428 965 2469; x_wconf 91' lang='lat' dir='ltr'>redditus</span> <span class='ocrx_word' id='word_1_281' title='bbox 997 2442 1164 2469; x_wconf 89' lang='lat' dir='ltr'>annuus</span> <span class='ocrx_word' id='word_1_282' title='bbox 1195 2442 1222 2468; x_wconf 89' lang='lat' dir='ltr'>v</span> <span class='ocrx_word' id='word_1_283' title='bbox 1253 2427 1496 2475; x_wconf 89' lang='lat' dir='ltr'>solidorum,</span> <span class='ocrx_word' id='word_1_284' title='bbox 1518 2438 1645 2478; x_wconf 88' lang='lat' dir='ltr'>quem</span> 
     </span>
     <span class='ocr_line' id='line_1_33' title="bbox 136 2491 1647 2548; baseline -0.003 -13"><span class='ocrx_word' id='word_1_285' title='bbox 136 2494 398 2537; x_wconf 87' lang='lat' dir='ltr'>Monasterio</span> <span class='ocrx_word' id='word_1_286' title='bbox 431 2493 482 2534; x_wconf 90' lang='lat' dir='ltr'>de</span> <span class='ocrx_word' id='word_1_287' title='bbox 503 2494 698 2548; x_wconf 85' lang='lat' dir='ltr'>Whytby</span> <span class='ocrx_word' id='word_1_288' title='bbox 728 2508 802 2547; x_wconf 89' lang='lat' dir='ltr'>pro</span> <span class='ocrx_word' id='word_1_289' title='bbox 835 2497 1079 2535; x_wconf 74' lang='lat' dir='ltr'>tenemento</span> <span class='ocrx_word' id='word_1_290' title='bbox 1110 2497 1254 2534; x_wconf 83' lang='lat' dir='ltr'>nostro</span> <span class='ocrx_word' id='word_1_291' title='bbox 1287 2493 1331 2532; x_wconf 87' lang='lat' dir='ltr'>in</span> <span class='ocrx_word' id='word_1_292' title='bbox 1363 2491 1647 2546; x_wconf 71' lang='lat' dir='ltr'>Fyschergate</span> 
     </span>
     <span class='ocr_line' id='line_1_34' title="bbox 135 2556 1648 2613; baseline -0.004 -13"><span class='ocrx_word' id='word_1_293' title='bbox 135 2559 391 2601; x_wconf 84' lang='lat' dir='ltr'>Eboracensi</span> <span class='ocrx_word' id='word_1_294' title='bbox 405 2558 577 2600; x_wconf 87' lang='lat' dir='ltr'>reddere</span> <span class='ocrx_word' id='word_1_295' title='bbox 593 2559 855 2609; x_wconf 86' lang='lat' dir='ltr'>tenebamur,</span> <span class='ocrx_word' id='word_1_296' title='bbox 870 2573 945 2613; x_wconf 91' lang='lat' dir='ltr'>per</span> <span class='ocrx_word' id='word_1_297' title='bbox 960 2563 1131 2613; x_wconf 88' lang='lat' dir='ltr'>tempus</span> <span class='ocrx_word' id='word_1_298' title='bbox 1152 2558 1326 2612; x_wconf 85' lang='lat' dir='ltr'>aliquod</span> <span class='ocrx_word' id='word_1_299' title='bbox 1341 2572 1365 2598; x_wconf 92' lang='lat' dir='ltr'>a</span> <span class='ocrx_word' id='word_1_300' title='bbox 1380 2561 1491 2597; x_wconf 90' lang='lat' dir='ltr'>retro</span> <span class='ocrx_word' id='word_1_301' title='bbox 1509 2556 1648 2596; x_wconf 89' lang='lat' dir='ltr'>fuerat</span> 
     </span>
     <span class='ocr_line' id='line_1_35' title="bbox 137 2620 1646 2678; baseline -0.003 -13"><span class='ocrx_word' id='word_1_302' title='bbox 137 2640 222 2666; x_wconf 92' lang='lat' dir='ltr'>non</span> <span class='ocrx_word' id='word_1_303' title='bbox 244 2624 418 2666; x_wconf 91' lang='lat' dir='ltr'>solutus.</span> <span class='ocrx_word' id='word_1_304' title='bbox 482 2624 758 2678; x_wconf 77' lang='lat' dir='ltr'>Quapropter,</span> <span class='ocrx_word' id='word_1_305' title='bbox 793 2638 891 2665; x_wconf 90' lang='lat' dir='ltr'>cum</span> <span class='ocrx_word' id='word_1_306' title='bbox 930 2625 983 2665; x_wconf 87' lang='lat' dir='ltr'>lis</span> <span class='ocrx_word' id='word_1_307' title='bbox 1019 2625 1130 2665; x_wconf 86' lang='lat' dir='ltr'>inter</span> <span class='ocrx_word' id='word_1_308' title='bbox 1163 2625 1298 2665; x_wconf 88' lang='lat' dir='ltr'>dictos</span> <span class='ocrx_word' id='word_1_309' title='bbox 1333 2622 1563 2663; x_wconf 85' lang='lat' dir='ltr'>monachos</span> <span class='ocrx_word' id='word_1_310' title='bbox 1595 2620 1646 2661; x_wconf 89' lang='lat' dir='ltr'>de</span> 
     </span>
     <span class='ocr_line' id='line_1_36' title="bbox 137 2687 1647 2745; baseline -0.003 -14"><span class='ocrx_word' id='word_1_311' title='bbox 137 2691 335 2745; x_wconf 82' lang='lat' dir='ltr'>Whytby</span> <span class='ocrx_word' id='word_1_312' title='bbox 356 2693 399 2731; x_wconf 92' lang='lat' dir='ltr'>et</span> <span class='ocrx_word' id='word_1_313' title='bbox 430 2703 506 2730; x_wconf 90' lang='lat' dir='ltr'>nos</span> <span class='ocrx_word' id='word_1_314' title='bbox 537 2703 611 2743; x_wconf 87' lang='lat' dir='ltr'>pro</span> <span class='ocrx_word' id='word_1_315' title='bbox 643 2690 861 2743; x_wconf 79' lang='lat' dir='ltr'>arreragiis</span> <span class='ocrx_word' id='word_1_316' title='bbox 884 2690 988 2731; x_wconf 87' lang='lat' dir='ltr'>dicti</span> <span class='ocrx_word' id='word_1_317' title='bbox 1008 2690 1200 2731; x_wconf 87' lang='lat' dir='ltr'>redditus</span> <span class='ocrx_word' id='word_1_318' title='bbox 1222 2692 1337 2730; x_wconf 88' lang='lat' dir='ltr'>mota</span> <span class='ocrx_word' id='word_1_319' title='bbox 1358 2688 1521 2736; x_wconf 87' lang='lat' dir='ltr'>fuisset,</span> <span class='ocrx_word' id='word_1_320' title='bbox 1543 2687 1647 2727; x_wconf 91' lang='lat' dir='ltr'>dicti</span> 
     </span>
     <span class='ocr_line' id='line_1_37' title="bbox 137 2752 1647 2810; baseline -0.003 -13"><span class='ocrx_word' id='word_1_321' title='bbox 137 2755 338 2798; x_wconf 89' lang='lat' dir='ltr'>monachi</span> <span class='ocrx_word' id='word_1_322' title='bbox 368 2755 491 2796; x_wconf 88' lang='lat' dir='ltr'>nobis</span> <span class='ocrx_word' id='word_1_323' title='bbox 523 2755 669 2796; x_wconf 91' lang='lat' dir='ltr'>eadem</span> <span class='ocrx_word' id='word_1_324' title='bbox 700 2755 909 2810; x_wconf 82' lang='lat' dir='ltr'>arreragia</span> <span class='ocrx_word' id='word_1_325' title='bbox 939 2756 1246 2805; x_wconf 88' lang='lat' dir='ltr'>condonarunt,</span> <span class='ocrx_word' id='word_1_326' title='bbox 1268 2758 1310 2796; x_wconf 90' lang='lat' dir='ltr'>et</span> <span class='ocrx_word' id='word_1_327' title='bbox 1341 2767 1417 2794; x_wconf 91' lang='lat' dir='ltr'>nos</span> <span class='ocrx_word' id='word_1_328' title='bbox 1450 2766 1525 2807; x_wconf 86' lang='lat' dir='ltr'>pro</span> <span class='ocrx_word' id='word_1_329' title='bbox 1555 2752 1647 2806; x_wconf 88' lang='lat' dir='ltr'>ipso</span> 
     </span>
    </p>
   </div>
   <div class='ocr_carea' id='block_1_3' title="bbox 139 2852 1649 3009">
    <p class='ocr_par' dir='ltr' id='par_1_6' title="bbox 139 2852 1649 3009">
     <span class='ocr_line' id='line_1_38' title="bbox 186 2852 1649 2898; baseline -0.003 -10"><span class='ocrx_word' id='word_1_330' title='bbox 186 2855 198 2876; x_wconf 83' lang='lat'>¹</span> <span class='ocrx_word' id='word_1_331' title='bbox 215 2856 326 2888; x_wconf 85' lang='lat' dir='ltr'>These</span> <span class='ocrx_word' id='word_1_332' title='bbox 345 2855 454 2888; x_wconf 83' lang='lat' dir='ltr'>tithes</span> <span class='ocrx_word' id='word_1_333' title='bbox 477 2855 514 2887; x_wconf 88' lang='lat' dir='ltr'>of</span> <span class='ocrx_word' id='word_1_334' title='bbox 538 2855 724 2887; x_wconf 75' lang='lat' dir='ltr'>Nafferton</span> <span class='ocrx_word' id='word_1_335' title='bbox 742 2866 800 2887; x_wconf 85' lang='lat' dir='ltr'>are</span> <span class='ocrx_word' id='word_1_336' title='bbox 818 2854 979 2897; x_wconf 87' lang='lat' dir='ltr'>specified</span> <span class='ocrx_word' id='word_1_337' title='bbox 997 2866 1125 2898; x_wconf 86' lang='lat' dir='ltr'>among</span> <span class='ocrx_word' id='word_1_338' title='bbox 1142 2855 1203 2887; x_wconf 86' lang='lat' dir='ltr'>the</span> <span class='ocrx_word' id='word_1_339' title='bbox 1221 2854 1323 2887; x_wconf 87' lang='lat' dir='ltr'>other</span> <span class='ocrx_word' id='word_1_340' title='bbox 1339 2853 1426 2896; x_wconf 75' lang='lat' dir='ltr'>gifts</span> <span class='ocrx_word' id='word_1_341' title='bbox 1441 2855 1480 2885; x_wconf 89' lang='lat' dir='ltr'>to</span> <span class='ocrx_word' id='word_1_342' title='bbox 1498 2852 1649 2894; x_wconf 90' lang='lat' dir='ltr'>Whitby</span> 
     </span>
     <span class='ocr_line' id='line_1_39' title="bbox 139 2908 1649 2950; baseline -0.003 -6"><span class='ocrx_word' id='word_1_343' title='bbox 139 2912 176 2944; x_wconf 92' lang='lat' dir='ltr'>in</span> <span class='ocrx_word' id='word_1_344' title='bbox 201 2912 263 2944; x_wconf 87' lang='lat' dir='ltr'>the</span> <span class='ocrx_word' id='word_1_345' title='bbox 288 2911 455 2944; x_wconf 84' lang='lat' dir='ltr'>Charters</span> <span class='ocrx_word' id='word_1_346' title='bbox 481 2911 517 2943; x_wconf 82' lang='lat' dir='ltr'>of</span> <span class='ocrx_word' id='word_1_347' title='bbox 545 2911 605 2943; x_wconf 89' lang='lat' dir='ltr'>the</span> <span class='ocrx_word' id='word_1_348' title='bbox 635 2910 797 2942; x_wconf 86' lang='lat' dir='ltr'>Founder</span> <span class='ocrx_word' id='word_1_349' title='bbox 823 2910 891 2942; x_wconf 85' lang='lat' dir='ltr'>and</span> <span class='ocrx_word' id='word_1_350' title='bbox 917 2910 972 2943; x_wconf 87' lang='lat' dir='ltr'>his</span> <span class='ocrx_word' id='word_1_351' title='bbox 997 2921 1204 2950; x_wconf 84' lang='lat' dir='ltr'>successors,</span> <span class='ocrx_word' id='word_1_352' title='bbox 1233 2920 1270 2942; x_wconf 86' lang='lat' dir='ltr'>as</span> <span class='ocrx_word' id='word_1_353' title='bbox 1294 2909 1374 2942; x_wconf 85' lang='lat' dir='ltr'>well</span> <span class='ocrx_word' id='word_1_354' title='bbox 1399 2920 1437 2941; x_wconf 82' lang='lat' dir='ltr'>as</span> <span class='ocrx_word' id='word_1_355' title='bbox 1461 2908 1649 2940; x_wconf 86' lang='lat' dir='ltr'>elsewhere</span> 
     </span>
     <span class='ocr_line' id='line_1_40' title="bbox 140 2966 850 3009; baseline -0.001 -11"><span class='ocrx_word' id='word_1_356' title='bbox 140 2966 324 3009; x_wconf 83' lang='lat' dir='ltr'>according</span> <span class='ocrx_word' id='word_1_357' title='bbox 342 2968 378 2998; x_wconf 88' lang='lat' dir='ltr'>to</span> <span class='ocrx_word' id='word_1_358' title='bbox 400 2966 615 3008; x_wconf 83' lang='lat' dir='ltr'>subsequent</span> <span class='ocrx_word' id='word_1_359' title='bbox 632 2967 850 2998; x_wconf 81' lang='lat' dir='ltr'>statements.</span> 
     </span>
    </p>
   </div>
  </div>
 </body>
</html>
