1889 3221
345 385 709 420 CARTULARIUM
735 385 1004 417 ABBATHIAE
1029 386 1094 417 DE
1119 384 1363 417 WHITEBY.
1533 375 1610 412 541

105 496 229 549 praed.
252 510 418 550 semper
442 497 650 537 hactenus
682 495 1000 536 rationabiliter
1020 494 1086 535 uti
1111 498 1153 535 et
1185 493 1367 548 gaudere
1389 505 1618 533 consueve-

103 567 214 603 runt.
289 563 343 603 In
374 563 495 616 cujus
532 562 594 603 rei
633 565 728 602 test.
771 562 847 602 has
889 562 1054 602 litteras
1096 565 1263 601 nostras
1305 560 1396 600 fieri
1437 559 1616 600 fecimus

104 631 311 681 patentes.
373 631 498 670 Teste
539 642 607 670 me
647 628 740 682 ipso
782 628 897 682 apud
932 628 1081 677 VVest„
1116 627 1320 668 vicesimo
1361 625 1513 680 quinto
1550 625 1618 664 die

104 694 266 748 Aprilis
283 695 342 735 Α0
363 710 392 736 r.
415 696 550 736 nostri
565 695 768 736 vicesimo
790 698 941 748 quarto
966 694 1128 748 [1446]
1181 693 1272 733 Nos
1294 696 1451 741 autem,
1467 691 1559 745 pias
1577 694 1619 730 et

103 759 340 802 laudabiles
371 762 634 803 intentiones
666 762 878 802 dictorum
909 760 1158 801 inclitorum
1185 758 1501 813 progenitorum
1523 770 1620 796 nos-

104 831 266 868 trorum
296 828 449 868 intime
480 828 779 882 ponderantes,
801 841 849 868 ac
880 827 933 868 ad
963 826 1245 868 reverentiam
1276 825 1400 865 dictae
1430 823 1621 877 gloriosae

104 893 295 948 Virginis
322 895 466 935 Hildae
497 908 604 948 quae,
625 908 712 947 prae
741 893 904 934 caeteris
926 893 1164 947 virginibus
1185 893 1231 932 in
1252 891 1412 945 Anglia
1442 889 1621 943 gloriose

104 960 287 1014 refulget
337 960 568 1009 miraculis,
609 959 773 1000 dictum
814 958 1140 1007 Monasterium,
1181 971 1274 998 011111
1315 956 1403 997 51115
1439 954 1620 1008 juribus,

103 1025 373 1066 libertatibus
391 1029 433 1066 et
449 1025 727 1079 pertinenciis
745 1024 970 1074 universis,
986 1024 1169 1064 illaesum
1184 1023 1402 1063 observare
1419 1020 1622 1067 volentes,

105 1104 251 1132 omnes
273 1095 315 1131 et
337 1091 526 1145 singulas
549 1093 685 1131 cartas
708 1094 751 1131 et
771 1090 936 1130 litteras
968 1089 1205 1143 praedictas,
1227 1101 1394 1128 necnon
1416 1085 1559 1126 omnia
1580 1088 1624 1125 et

106 1156 274 1210 singula
294 1156 340 1196 in
362 1156 522 1197 eisdem
553 1156 682 1196 cartis
714 1160 757 1196 et
787 1155 946 1196 litteris
978 1158 1192 1204 contenta,
1223 1157 1316 1194 rata
1345 1152 1552 1193 habentes
1583 1154 1625 1191 et

105 1226 236 1275 grata,
258 1235 307 1262 ea
330 1235 407 1275 pro
429 1222 565 1271 nobis,
587 1221 686 1262 haer.
710 1224 752 1262 et
773 1235 883 1262 succ.
906 1221 1076 1269 nostris,
1099 1222 1312 1274 quantum
1334 1218 1381 1258 in
1402 1217 1524 1258 nobis
1547 1221 1623 1266 est,

106 1291 387 1341 acceptamus,
409 1288 703 1341 approbamus,
724 1292 768 1328 et
790 1286 995 1341 Hugoni,1
1018 1300 1133 1326 nunc
1164 1285 1337 1333 Abbati,
1360 1288 1401 1325 et
1432 1283 1621 1337 ejusdem

108 1353 361 1394 Monasterii
378 1354 468 1395 sive
484 1353 687 1395 Ecclesiae
705 1353 960 1402 Conventui,
978 1356 1020 1393 et
1037 1366 1148 1393 succ.
1166 1351 1265 1400 suis,
1286 1350 1468 1405 gratiam
1484 1349 1529 1389 in
1544 1349 1623 1389 hac

107 1423 227 1471 parte
257 1419 528 1468 ratificamus,
560 1419 844 1468 concedimus,
866 1422 908 1459 et
931 1419 1242 1466 confirmamus,
1267 1419 1394 1470 prout
1425 1419 1551 1456 cartae
1582 1419 1625 1455 et

108 1484 262 1525 litterae
292 1485 420 1538 praed.
451 1484 764 1525 rationabiliter
795 1487 1021 1525 testantur.
1084 1484 1293 1523 Praeterea
1325 1481 1518 1521 volentes
1551 1480 1625 1529 eis,

110 1564 225 1591 nunc
246 1551 408 1592 Abbati
429 1556 472 1592 et
495 1551 640 1600 Conv.,
661 1554 703 1591 et
725 1563 833 1590 succ.
857 1550 957 1598 suis,
979 1549 1156 1603 gratiam
1181 1548 1226 1588 in
1247 1548 1328 1588 hac
1348 1550 1468 1601 parte
1490 1546 1626 1587 facere

109 1616 357 1665 uberiorem,
393 1616 445 1656 de
480 1616 617 1670 gratia
653 1620 799 1656 nostra
835 1615 1011 1669 speciali
1047 1613 1344 1661 concessimus,
1380 1626 1455 1666 pro
1491 1612 1626 1661 nobis,

111 1681 220 1731 haer„
242 1687 284 1723 et
305 1696 415 1723 succ.
436 1682 593 1722 nostris
625 1681 765 1735 praed„
788 1685 999 1735 quantum
1020 1681 1066 1720 in
1088 1680 1210 1721 nobis
1233 1683 1308 1728 est,
1329 1678 1489 1719 eisdem
1511 1692 1626 1719 nunc

110 1748 270 1788 Abbati
291 1752 334 1790 et
356 1748 486 1789 Conv.
510 1752 553 1789 et
573 1761 682 1788 succ.
705 1747 806 1796 suis,
828 1747 941 1800 quod
971 1747 1074 1787 licet
1104 1746 1188 1799 ipsi
1208 1745 1278 1786 vel
1298 1744 1626 1798 praedecessores

111 1814 179 1855 sui
209 1814 353 1868 aliqua
383 1814 453 1855 vel
483 1814 699 1867 aliquibus
731 1813 1082 1861 franchesiarum,
1113 1812 1264 1860 libert„
1295 1810 1626 1865 privilegiorum,

110 1880 482 1929 consuetudinum,
512 1880 847 1928 immunitatum,
878 1878 1184 1919 allocationum
1214 1882 1257 1918 et
1292 1876 1627 1931 quietantiarum

110 1947 156 1986 in
186 1945 312 1987 dictis
344 1946 470 1987 cartis
502 1951 545 1987 et
574 1946 658 1987 litt.
692 1949 1003 1994 contentorum,
1032 1945 1176 1998 aliquo
1208 1957 1308 1984 casu
1339 1956 1501 1996 emerg„
1529 1943 1627 1983 hac-

110 2016 236 2053 tenus
257 2012 382 2066 plene
403 2013 471 2053 usi
491 2026 578 2052 non
600 2011 761 2052 fuerint
778 2011 846 2052 vel
868 2010 1139 2051 abusi—scil.
1159 2023 1303 2051 eorum
1325 2008 1480 2062 aliquis
1501 2008 1627 2061 plene

110 2091 212 2119 usus
234 2091 320 2118 non
347 2078 476 2119 fuerit
496 2078 566 2118 vel
587 2077 939 2118 abusus—iidem
970 2081 1113 2117 tamen
1146 2089 1260 2117 nunc
1282 2075 1425 2115 Abbas
1448 2077 1490 2114 et
1513 2074 1628 2123 Con„

111 2148 155 2184 et
189 2157 297 2184 succ.
331 2144 408 2192 sui,
440 2143 703 2193 franchesiis,
725 2143 963 2197 privilegiis
994 2146 1070 2183 etc.
1104 2175 1111 2183 .
1144 2176 1151 2182 .
1185 2140 1436 2195 quietantiis
1468 2140 1553 2181 illis
1586 2145 1628 2181 et

111 2223 256 2250 eorum
293 2210 485 2263 quolibet
521 2210 571 2251 de
613 2213 765 2250 caetero
806 2209 932 2263 plene
972 2209 1187 2263 gaudeant
1227 2212 1271 2248 et
1305 2209 1494 2254 utantur,
1536 2206 1627 2246 sine

111 2275 329 2316 occasione
345 2276 415 2316 vel
431 2275 739 2329 impedimento
757 2275 892 2315 nostri
908 2274 977 2315 vel
993 2274 1090 2314 haer.
1109 2276 1361 2320 nostrorum,
1377 2272 1530 2312 Justic.
1550 2276 1627 2312 etc.

112 2345 352 2381 nostrorum
388 2354 749 2394 quorumcunque.
823 2340 879 2380 Et
914 2340 1096 2379 ulterius
1134 2340 1206 2391 (m.
1247 2341 1330 2389 20),
1367 2351 1420 2377 ne
1456 2342 1630 2389 propter

111 2407 413 2447 obscuritatem
444 2420 518 2446 seu
548 2405 871 2459 generalitatem
900 2405 1128 2445 verborum
1160 2403 1230 2443 vel
1266 2402 1546 2442 terminorum
1583 2402 1628 2442 in

111 2471 237 2512 cartis
259 2476 302 2512 et
331 2471 414 2512 litt.
436 2471 576 2525 praed„
597 2471 667 2511 vel
688 2484 835 2511 earum
867 2469 1011 2522 aliqua
1040 2471 1348 2515 contentorum,
1378 2467 1448 2507 vel
1480 2481 1627 2520 quam-

113 2550 279 2590 cunque
311 2536 439 2577 aliam
465 2550 636 2577 causam
658 2535 726 2576 vel
748 2535 1011 2575 occasionem
1033 2534 1079 2574 111
1101 2533 1457 2581 concessionibus,
1480 2534 1627 2573 confir-

113 2602 386 2651 mationibus,
408 2601 534 2642 cartis
567 2601 636 2642 vel
666 2601 748 2642 litt.
781 2600 993 2640 dictorum
1025 2599 1344 2653 progenitorum
1376 2602 1628 2648 nostrorum,

114 2671 188 2708 aut
223 2667 403 2721 alicujus
441 2681 597 2716 earum,
633 2666 702 2707 vel
737 2665 895 2706 nostris
937 2665 1164 2719 praedictis,
1200 2669 1275 2705 aut
1314 2665 1359 2704 in
1400 2664 1542 2717 aliquo
1584 2665 1629 2704 in

115 2732 275 2773 eisdem
297 2732 364 2773 vel
385 2746 530 2773 earum
559 2732 705 2786 aliqua
727 2735 942 2779 contento,
964 2744 1038 2771 seu
1069 2730 1115 2770 in
1147 2729 1473 2770 allocationibus
1505 2743 1630 2783 super

115 2798 273 2839 eisdem
295 2803 339 2839 et
359 2812 439 2838 usu
470 2830 477 2839 .
511 2831 519 2839 .
552 2797 578 2839 .²
607 2797 787 2838 materia
817 2795 1066 2850 quaestionis
1094 2795 1164 2836 vel
1195 2795 1315 2835 dubii
1346 2794 1389 2834 in
1412 2798 1628 2848 posterum

257 2887 270 2909 1
295 2888 404 2931 Hugh
420 2889 588 2921 Elerton:
619 2889 829 2924 1437-1462.

255 2941 269 2963 ²
295 2944 453 2987 Reading
470 2944 661 2977 uncertain.
713 2944 748 2976 It
766 2954 911 2986 appears
929 2945 966 2975 to
983 2942 1026 2974 be
1046 2942 1098 2975 h'r
1114 2944 1178 2975 sive
1198 2944 1249 2982 (01¹
1265 2943 1346 2982 sine)
1354 2941 1453 2982 fact’.
