1889 3273
222 365 303 402 410
462 368 823 403 ‹JARTULARIUM
851 366 1120 399 ABBATHIAE
1147 365 1209 397 DE
1233 364 1480 397 WHITEBY,

218 481 363 529 Oonv„
379 480 572 521 salutem.
625 477 805 518 Noverit
825 476 940 516 univ.
960 480 1100 516 vestra
1121 488 1198 515 nos
1221 488 1333 515 conc.
1362 479 1404 514 et
1426 472 1517 513 ded.
1536 475 1578 512 et
1598 471 1677 511 hac
1699 483 1731 510 c.

217 551 363 587 nostra
384 545 491 586 conf.
511 544 686 598 Hugoni
707 543 758 584 de
779 543 884 582 Alta
904 541 1025 582 villa1
1047 544 1089 581 et
1113 540 1325 581 ι1011001100
1345 539 1470 580 uxori
1491 551 1578 579 suae
1597 539 1732 577 totam

217 612 341 653 t'ram
363 626 386 652 a
403 610 650 652 Kattewich
666 622 801 663 usque
823 607 876 648 ad
897 607 1170 661 Halmerigge
1184 606 1199 630 2
1220 606 1266 646 in
1282 605 1564 660 longitudine,
1581 602 1675 657 (59)
1693 604 1735 642 et

220 678 265 718 in
281 678 512 718 latitudine
530 691 553 717 a
569 677 726 717 fossato
743 675 831 715 t’rae
847 673 1019 714 arabilis
1036 673 1087 713 de
1105 673 1322 713 Snetonna
1334 684 1471 725 usque
1487 670 1541 711 ad
1557 670 1735 710 ductum

222 757 342 797 aquze
373 757 468 797 quae
502 742 634 783 currit
665 741 777 782 inter
809 739 1000 780 Strichill
1032 742 1075 780 et
1105 739 1345 792 Rethrigge,
1368 742 1410 779 et
1441 735 1736 777 molendinum

222 810 273 850 de
297 809 545 850 Strichehill
567 822 664 849 cum
696 807 977 848 affirmatione
999 805 1140 859 stagni
1171 819 1298 859 super
1319 805 1441 845 t'ram
1462 807 1652 844 nostram
1686 800 1738 842 de

224 875 463 930 Rethrigge,
486 888 561 929 pro
582 874 778 928 homagio
801 877 843 914 et
865 886 969 913 serv.
993 886 1082 921 suo,
1103 871 1189 912 illis
1211 875 1253 912 et
1274 870 1514 911 haeredibus
1537 881 1740 910 eorum—

225 941 445 982 Tenendas
468 941 519 981 de
551 940 672 981 nobis
693 940 740 979 in
761 953 875 992 perp.
898 939 944 978 in
966 937 1086 979 feodo
1109 940 1151 978 et
1172 936 1433 985 haereditate,
1455 935 1526 976 lib.
1549 938 1591 976 et
1612 948 1738 988 qn.—

227 1007 459 1048 Reddendo
491 1006 590 1047 inde
622 1005 846 1047 annuatim
876 1005 1101 1045 dimidiam
1131 1017 1318 1045 marcam
1340 1002 1503 1056 argenti
1523 1015 1598 1055 pro
1631 1014 1741 1041 omn.

226 1086 344 1122 serV.‚
366 1076 553 1113 consuet.
577 1076 618 1113 et
640 1085 766 1120 exac„
788 1071 841 1111 ad
863 1071 968 1111 duos
990 1070 1258 1111 term.—scil.
1282 1068 1565 1123 quadraginta
1586 1067 1680 1108 den.
1700 1070 1743 1106 at

226 1139 254 1179 f.
288 1138 326 1179 8.
360 1138 541 1179 Martini
578 1141 620 1179 et
656 1138 800 1191 quadr.
833 1137 925 1177 den.
964 1141 1007 1176 at
1042 1137 1335 1177 Pentecosten.
1411 1134 1511 1175 Hiis
1546 1133 1742 1174 testibus,

229 1205 410 1245 Roberto
433 1204 484 1246 de
505 1204 718 1245 KarleoIO.
779 1202 942 1243 Thoma
963 1202 1014 1243 de
1036 1202 1281 1243 Lincolnia:
1313 1205 1356 1242 et
1378 1201 1484 1242 aliis.

873 1351 1107 1392 COCCLX.

291 1453 413 1494 Omn.
430 1451 590 1493 Christi
606 1451 802 1492 fidelibus
819 1451 896 1491 has
912 1450 993 1491 litt.
1016 1450 1091 1490 vis.
1107 1449 1177 1490 vel
1197 1448 1291 1489 aud.
1310 1447 1512 1489 Johanna
1528 1445 1750 1494 Arundel,3

232 1519 423 1560 salutem.
487 1519 593 1558 Nov.
626 1518 741 1558 univ.
764 1522 906 1557 vestra
936 1530 1015 1565 me,
1043 1515 1094 1556 de
1124 1515 1347 1556 voluntate
1378 1517 1420 1554 et
1452 1512 1629 1554 consilio
1662 1512 1749 1552 d'ni

232 1584 317 1624 mei
343 1588 386 1624 et
417 1584 572 1637 sponsi,
605 1582 777 1623 Ricardi
797 1582 993 1630 Vertdos,
1023 1595 1098 1635 pro
1130 1580 1203 1621 sal.
1236 1594 1268 1621 a.
1301 1593 1406 1620 meae
1437 1583 1479 1620 et
1510 1579 1748 1619 animarum

233 1650 367 1704 patris
388 1649 484 1698 mei,
506 1649 732 1703 Reginaldi
763 1648 814 1688 de
834 1647 1039 1697 Arundel,
1062 1651 1104 1687 et
1124 1646 1272 1687 matris
1293 1646 1378 1686 mei
1398 1645 1591 1699 Agathae,
1613 1647 1654 1684 et
1675 1657 1749 1697 pro

236 1716 457 1756 animabus
479 1715 576 1756 haer.
599 1728 802 1763 meorum,
825 1714 915 1754 ded.
940 1718 982 1754 et
1003 1727 1116 1754 conc.
1140 1716 1182 1753 et
1209 1712 1288 1752 hac
1318 1725 1436 1765 praes.
1460 1724 1492 1751 c.
1515 1724 1619 1751 mea.
1642 1710 1751 1750 conf.

236 1782 282 1822 in
316 1795 420 1835 pur„
449 1781 520 1821 lib.
559 1785 602 1821 et
638 1794 751 1833 perp.
789 1780 938 1828 elem.,4
971 1779 1216 1832 homagium
1249 1782 1291 1818 et
1323 1791 1427 1819 serv.
1459 1776 1669 1818 Willelmi
1701 1776 1751 1817 de

236 1846 616 1887 Waledene—scil.
630 1859 761 1886 unam
774 1845 929 1885 librum
946 1844 1107 1898 cymini
1121 1844 1165 1883 in
1181 1844 1206 1884 f.
1225 1844 1261 1884 8.
1279 1843 1424 1883 Hildae
1441 1843 1487 1883 in
1502 1846 1751 1896 autumpno,

238 1911 307 1953 Vel
329 1912 432 1952 duos
456 1911 649 1952 denarios
668 1926 676 1962 ;
708 1909 821 1964 (591))
844 1914 886 1951 et
916 1910 1026 1950 hom.
1050 1914 1092 1950 et
1113 1923 1216 1950 serv.
1240 1910 1269 1950 J
1272 1909 1451 1949 ohannis
1483 1908 1561 1948 filii
1582 1908 1753 1949 Thomae

240 1978 291 2019 de
313 1977 641 2031 Bolleby—scil.
663 1990 799 2016 unum
831 1976 1050 2017 denarium
1072 1975 1126 2016 ad
1147 1975 1173 2015 f.
1198 1975 1234 2016 8.
1264 1975 1407 2015 Hildae
1438 1974 1484 2014 in
1505 1978 1754 2028 autumpno,

241 2045 332 2084 Deo
364 2048 406 2084 et
435 2043 546 2084 Eccl.
567 2043 604 2083 8.
627 2042 743 2083 Petri
774 2045 815 2083 et
848 2042 885 2083 S.
910 2042 1054 2082 Hildae
1086 2041 1137 2082 de
1161 2041 1364 2095 Whiteby
1385 2044 1428 2081 et
1455 2040 1673 2081 monachis
1695 2040 1755 2080 ibi

241 2111 333 2150 Deo
359 2109 651 2150 servientibus.
715 2108 909 2149 Concedo
931 2108 1059 2148 etiam
1090 2112 1140 2148 ut
1162 2107 1285 2161 praed.
1309 2120 1403 2147 mea
1424 2106 1541 2147 elem.
1565 2106 1620 2146 sit
1652 2106 1755 2147 adeo

242 2189 347 2229 pura
369 2178 410 2215 et
430 2175 563 2215 libera
584 2175 694 2215 sicut
715 2174 857 2228 aliqua
879 2173 996 2215 elem.
1020 2179 1084 2215 est
1104 2174 1173 2214 vel
1198 2187 1288 2214 esse
1309 2178 1459 2227 potest.
1519 2173 1576 2212 Et
1595 2175 1645 2212 ut
1665 2171 1756 2212 haec

292 2281 305 2302 1
331 2282 394 2314 See
412 2281 478 2314 No.
499 2283 576 2316 225.

291 2335 304 2356 2
329 2337 419 2368 Now
437 2337 577 2369 Shawm
595 2337 694 2380 Rigg,
715 2349 735 2369 a
759 2338 823 2369 hill
841 2337 919 2370 well
944 2337 1073 2369 known
1094 2339 1130 2369 to
1156 2336 1403 2369 excursionists
1430 2336 1520 2368 from
1538 2335 1701 2376 Whitby,
1720 2345 1758 2366 as

242 2392 316 2433 lyin
321 2402 342 2434 g
353 2403 372 2423 a
383 2392 476 2423 little
490 2395 527 2424 to
540 2392 600 2424 the
613 2392 709 2435 right
722 2392 758 2424 of
772 2392 833 2424 the
847 2392 934 2434 path
948 2395 985 2423 to
1004 2392 1096 2424 Cock
1110 2392 1198 2431 Mill,
1215 2392 1307 2423 after
1319 2391 1405 2432 they
1418 2391 1507 2422 have
1520 2390 1586 2422 left
1598 2389 1660 2421 the
1674 2389 1758 2421 road

245 2446 334 2478 from
352 2446 413 2478 the
430 2447 611 2488 Cemetery
625 2450 662 2479 to
679 2447 852 2489 Ruswarp
870 2447 939 2479 and
957 2447 1120 2479 Sneaton.
1165 2447 1227 2479 See
1245 2446 1311 2478 No.
1328 2447 1406 2485 380,
1423 2445 1539 2477 where
1557 2444 1759 2486 Scalmeryg

246 2500 275 2532 is
294 2501 428 2540 named,
448 2512 485 2532 as
504 2501 575 2533 also
593 2502 766 2533 Sethelhil
785 2502 853 2534 and
871 2501 1042 2544 Rethryg,
1060 2501 1176 2533 which
1194 2512 1261 2541 are,
1281 2511 1325 2532 no
1343 2500 1465 2540 doubt,
1484 2499 1653 2531 identical
1670 2499 1759 2530 with

246 2555 309 2588 the
327 2555 527 2588 Strichehill
545 2557 613 2588 and
639 2557 829 2599 Rethrigge
847 2556 882 2588 of
898 2556 960 2588 the
986 2558 1127 2598 present
1144 2555 1342 2588 document.
1393 2555 1487 2586 Note
1504 2554 1577 2586 also
1594 2554 1674 2586 that
1698 2553 1761 2585 the

247 2610 332 2642 land
355 2610 516 2642 between
541 2611 742 2654 Scalmeryg
760 2612 828 2643 and
853 2611 1042 2644 Katewike
1065 2611 1095 2643 is
1121 2611 1279 2643 likewise
1304 2609 1470 2652 specified
1494 2609 1532 2640 in
1556 2609 1637 2641 that
1661 2608 1760 2648 deed,

251 2665 320 2697 and
344 2665 424 2697 that
448 2665 509 2697 the
534 2676 635 2697 name
661 2666 870 2708 Katedykes
895 2677 1014 2699 occurs
1039 2677 1135 2698 more
1159 2666 1248 2698 than
1273 2676 1368 2697 once.
1421 2664 1601 2703 Charlton‚
1629 2674 1659 2705 p.
1680 2665 1760 2703 241,

251 2719 403 2761 jumbles
432 2719 493 2751 the
521 2722 594 2752 two
624 2721 793 2763 together,
820 2722 890 2753 and
918 2721 1091 2753 identifies
1116 2721 1177 2753 the
1207 2720 1304 2762 place
1337 2719 1426 2752 with
1454 2719 1516 2750 the
1546 2718 1692 2750 Sourebi
1728 2718 1765 2749 of

254 2774 462 2815 Domesday,
481 2775 550 2806 and
574 2775 635 2806 the
662 2775 816 2807 Sneaton
841 2776 979 2818 Thorpe
998 2776 1033 2808 of
1056 2776 1118 2808 the
1135 2777 1277 2818 present
1302 2774 1380 2816 day.
1431 2773 1557 2815 Really
1576 2773 1762 2805 Katewick

253 2839 292 2860 or
309 2828 467 2860 Gatwick
483 2828 545 2860 lies
563 2840 583 2860 a
600 2829 697 2861 short
711 2830 867 2861 distance
885 2831 1083 2862 south-east
1100 2830 1191 2862 from
1208 2829 1358 2861 Sneaton
1376 2829 1522 2870 Thorpe.
1566 2828 1758 2864 Moreover,

255 2894 292 2915 as
309 2894 361 2915 we
379 2884 466 2914 have
484 2894 565 2915 seen
581 2884 618 2915 in
635 2895 655 2915 a.
672 2885 801 2916 former
817 2887 911 2923 note,
933 2885 1081 2917 Sourebi
1098 2885 1155 2926 lay
1174 2895 1219 2916 on
1236 2884 1297 2916 the
1316 2884 1417 2915 other
1434 2883 1508 2914 side
1526 2883 1562 2914 of
1578 2882 1640 2914 the
1657 2882 1738 2913 Esk.

303 2937 315 2957 ³
342 2937 403 2969 See
421 2937 484 2969 No.
509 2939 573 2969 102
592 2938 660 2969 and
678 2941 759 2970 note
779 2951 785 2977 ;
811 2939 880 2970 and
898 2940 971 2971 also
989 2939 1054 2972 No.
1077 2941 1152 2972 134.

303 2990 317 3012 4
341 2992 414 3022 The
432 2992 558 3023 donees
576 3003 633 3024 are
649 2993 847 3024 mentioned
867 2994 963 3034 quite
981 2997 1017 3025 at
1035 2994 1095 3026 the
1113 2994 1179 3025 end
1198 2994 1232 3025 of
1246 2993 1306 3024 the
1324 2992 1454 3034 period.
