1889 3221
261 320 341 358 760
504 328 864 362 CARTULARIUM
890 329 1157 361 ABBATHIAE
1183 328 1246 360 DE
1270 327 1517 361 WHITEBY.

315 471 472 512 FfflMAE
492 482 758 513 DECIMARUM
780 482 1024 513 GRANORUM
1045 483 1157 522 FENI,
1178 482 1317 520 LANAE,
1338 482 1389 511 ET
1411 480 1626 512 AGNORUM
1646 479 1702 509 DE

721 537 1052 578 MIDELBURGHE
1074 548 1307 579 PRAEDICTA.

314 635 371 676 Et
391 635 444 677 de
465 636 557 677 lxvi
570 650 599 678 s.
621 636 699 677 viii
714 637 753 679 d,
776 636 828 678 de
848 637 969 678 firma
991 637 1139 678 decim.
1161 651 1290 691 gran„
1312 636 1413 686 feni,
1433 635 1543 676 lanae
1564 639 1606 676 et
1628 633 1771 688 agnel-

255 700 405 750 lorum‚
427 715 525 743 011111
547 700 722 744 deoimis
753 703 933 744 minutis
956 706 998 743 et
1019 703 1306 744 oblationibus
1337 701 1491 756 pertin.
1524 700 1697 754 capell-ce
1718 699 1770 740 de

257 766 548 822 Midflburghe
569 769 695 822 praed.
719 769 773 810 ib.
796 783 836 823 p.
858 783 892 810 a.
915 769 1018 810 solv.
1041 768 1106 809 ad.
1141 802 1147 808 .
1182 802 1188 808 .
1222 802 1228 809 .

773 835 948 876 Summa
968 834 1059 875 lxvi
1073 849 1103 876 s.
1125 834 1203 875 viii
1216 835 1253 875 d.

316 900 492 941 Summa
522 900 667 942 totalis
699 901 899 955 Reoeptae
925 915 1013 941 xxv
1025 900 1067 941 h'.
1091 900 1198 941 xviii
1213 914 1242 941 s.
1265 899 1344 940 vd.
1368 913 1463 954 quae
1494 902 1704 940 exonerat.
1728 902 1768 938 et

256 965 374 1007 alloo.
397 965 478 1015 1110,
499 980 573 1021 pro
596 981 643 1008 eo
665 968 779 1021 quod
808 967 1100 1009 conceduntur
1131 967 1309 1008 diversis
1339 966 1529 1020 personis
1561 965 1613 1005 ad
1643 978 1769 1005 usum

257 1033 284 1072 ,J
289 1031 354 1073 oh.
377 1032 578 1073 Hexham
601 1033 817 1087 qnondam
839 1033 1021 1074 Abbatis
1054 1033 1159 1074 dicti
1183 1046 1320 1086 nuper
1339 1032 1491 1072 Mon'ii
1512 1031 1564 1072 de
1584 1030 1768 1084 Whitby

256 1112 330 1151 pro
371 1103 489 1140 term.
531 1099 632 1140 vitae
682 1099 817 1153 ipsius
858 1101 887 1141 J
891 1099 1069 1140 ohannis
1111 1113 1238 1153 super
1278 1098 1604 1152 resignationem
1647 1110 1767 1137 suam

253 1164 413 1218 absque
434 1164 576 1219 aliquo
609 1199 615 1206 .
650 1199 656 1206 .
688 1198 696 1206 .
729 1165 829 1207 inde
860 1165 974 1206 redd.
1007 1165 1136 1206 sinrul
1166 1179 1264 1206 oum
1294 1163 1515 1204 annuitate
1537 1163 1642 1202 xxvi
1654 1162 1697 1203 li.
1722 1162 1767 1202 in

256 1230 440 1272 denariis
461 1245 499 1285 p.
522 1245 569 1281 a.,
592 1232 677 1286 [ut]
709 1245 784 1285 per
805 1231 1010 1285 seriptum
1042 1232 1120 1272 sub
1153 1231 1227 1285 sig.
1260 1229 1476 1271 communi
1507 1229 1612 1270 dieti
1633 1242 1769 1282 nuper

256 1296 419 1345 Mon’ii,
434 1296 517 1339 dat.
541 1298 677 1351 primo
699 1297 768 1338 die
789 1297 988 1339 Januarii
1010 1297 1068 1337 ΑΟ
1084 1311 1174 1337 xxx
1196 1296 1323 1351 Regis
1345 1295 1577 1349 supradicti
1597 1294 1766 1349 plenius

254 1366 439 1416 apparet.

349 1502 507 1543 TERRAE
529 1513 581 1543 ET
601 1513 910 1544 POSSESSIONES
932 1514 978 1544 IN
1001 1502 1109 1545 COM.
1132 1503 1338 1544 LINCOLN.
1360 1512 1411 1542 ET
1434 1501 1658 1543 CUMBRIAE.

313 1593 550 1648 Computus
571 1594 688 1635 Wffl.
720 1594 888 1644 Davell,
920 1594 1094 1636 Colleot.
1126 1593 1239 1635 redd.
1272 1596 1315 1635 et
1349 1594 1566 1634 firmarum
1600 1592 1656 1634 ib.
1692 1606 1767 1647 per

253 1666 423 1714 tempus
444 1660 707 1714 praediotum.

311 1726 787 1777 ARRERAGIA.—Nulla‚
810 1726 910 1781 quia
930 1726 1104 1781 primus,
1125 1730 1201 1768 eto.

418 1908 645 1949 REDDITUS
666 1919 718 1948 ΕΤ
740 1919 885 1949 FLRMAE
907 1919 953 1949 IN
975 1908 1250 1949 ROTHWELLE
1272 1918 1323 1948 ΕΤ
1345 1908 1608 1948 NETILTONE.

312 1998 395 2039 Sed
415 2012 444 2039 r.
468 2012 498 2039 0.
522 1998 574 2040 de
595 1998 735 2039 xxxiii
748 2012 776 2039 s.
799 1999 865 2039 iiii
879 1999 916 2041 d.
938 1999 989 2040 de
1011 2013 1040 2040 r.
1073 2031 1080 2040 .
1114 2032 1122 2040 .
1155 2031 1162 2039 .
1196 1999 1299 2040 solv.
1333 1999 1387 2040 ad
1418 2002 1537 2040 term.
1570 1998 1609 2039 S.
1633 1998 1690 2038 M.
1717 1998 1764 2038 in

253 2064 293 2105 h.
315 2068 358 2106 et
379 2065 499 2107 Pent.
522 2079 597 2119 aeq.
619 2065 679 2106 sio
710 2097 718 2107 .
752 2098 758 2106 .
793 2097 800 2106 .

754 2131 930 2172 Summa
950 2130 1087 2171 xxxiii
1101 2144 1129 2171 s.
1153 2130 1217 2170 iiii
1231 2130 1267 2171 d.

716 2257 962 2297 PENSIONES
983 2267 1035 2297 ET
1056 2267 1302 2298 PORTIONES.

312 2347 368 2388 Et
389 2347 440 2388 de
465 2346 587 2388 xiiis.
616 2347 682 2387 iiii
696 2346 733 2388 d.
765 2347 818 2388 de
848 2347 994 2388 Priore
1025 2347 1078 2388 de
1110 2347 1291 2388 Sixhille
1323 2361 1397 2401 pro
1428 2348 1621 2401 portione
1652 2347 1764 2388 deoi-

254 2426 421 2453 marum
441 2413 487 2453 in
507 2412 708 2466 parochia
729 2413 780 2453 de
801 2412 1096 2453 Luddefnrthe
1117 2426 1156 2466 p.
1179 2426 1213 2454 a.
1230 2428 1237 2453 :
1271 2417 1312 2454 et
1333 2413 1384 2454 de
1405 2413 1495 2453 xlvi
1509 2427 1539 2454 s.
1562 2413 1640 2453 viii
1653 2413 1691 2454 d.
1714 2413 1765 2454 de

254 2493 390 2533 nuper
406 2479 601 2520 Prioratu
622 2479 674 2519 de
691 2479 899 2533 Ormesby
915 2492 990 2532 pro
1012 2478 1204 2532 portione
1221 2478 1479 2519 deeimarum
1500 2478 1546 2518 in
1565 2479 1764 2532 parochia

254 2545 308 2586 ib.
346 2559 383 2599 p.
421 2559 480 2586 a.:
521 2549 564 2586 et
599 2545 650 2586 de
686 2544 810 2585 xiiis.
850 2545 916 2585 iiii
930 2545 966 2585 d.
1005 2544 1056 2585 de
1092 2544 1262 2585 Vioario
1298 2544 1350 2585 de
1390 2544 1647 2585 Kiremouth
1687 2558 1762 2598 pro

254 2611 447 2665 portione
468 2626 498 2651 x
518 2624 755 2652 marcarum
776 2610 886 2651 infra
906 2610 1149 2664 parochiani
1170 2611 1224 2651 ib.
1246 2624 1285 2664 p.
1307 2624 1339 2650 a.
1358 2626 1366 2651 :
1396 2613 1439 2651 et
1460 2610 1511 2651 de
1533 2610 1624 2651 iiis.
1647 2610 1711 2651 iiii
1726 2610 1764 2651 d.

257 2676 307 2717 de
344 2677 521 2717 Rectore
556 2676 655 2718 0001.
693 2676 745 2717 de
782 2676 986 2729 Somerby
1020 2689 1095 2730 pro
1130 2676 1324 2730 portione
1360 2676 1618 2717 decimarum
1653 2676 1765 2716 infra

256 2742 498 2794 parochiani
528 2743 582 2783 ib.
614 2756 653 2795 p.
686 2756 744 2782 a.:
775 2746 817 2783 et
838 2742 890 2783 de
911 2756 970 2782 XX
983 2756 1012 2783 s.
1036 2741 1087 2783 de
1113 2742 1310 2782 Prioratu
1332 2741 1382 2782 de
1412 2741 1688 2795 Alvyngham
1718 2742 1762 2782 in

258 2807 373 2848 Com.
395 2808 583 2849 Linooln.
606 2822 681 2861 pro
711 2808 905 2862 portione
936 2807 1084 2848 decim.
1115 2807 1227 2848 infra
1256 2807 1423 2861 paroch.
1446 2807 1497 2847 de
1526 2807 1762 2860 Stayntona

254 2871 426 2913 ibidem.
