1889 3273
235 340 316 377 400
489 344 849 378 CARTULARIUM
874 343 1141 375 ABBATHIAE
1168 343 1231 374 DE
1256 342 1504 374 WHITEBY.

232 456 326 497 hab.
359 455 573 510 praedictis
595 453 754 495 Abbati
785 457 828 493 et
850 454 980 494 Conv.
1005 452 1055 493 de
1077 452 1297 506 Whiteby,
1319 456 1362 492 et
1393 465 1538 492 eorum
1560 464 1751 500 success,

232 522 278 562 in
315 521 400 571 lib„
436 535 527 575 pur.
570 525 612 561 et
648 533 763 573 perp.
807 519 925 560 elem.
967 518 1014 559 in
1053 531 1183 572 perp„
1224 531 1322 558 cum
1353 531 1463 559 omn.
1506 517 1594 558 suis
1635 520 1754 571 pert„

231 588 343 628 infra
374 587 487 642 (47¹³)
519 586 645 641 praed.
679 586 804 626 villas
837 590 879 626 et
909 584 1086 625 t'ritoria
1117 589 1160 625 et
1191 588 1321 633 extra,
1347 584 1438 625 sine
1469 583 1558 624 ullo
1589 587 1751 624 retene-

232 657 386 694 mento.
449 653 505 693 Et
538 652 759 693 sciendum
793 651 907 705 quod
938 651 1063 704 praed.
1096 650 1342 691 Willelmus
1385 654 1428 691 et
1462 650 1561 691 haer.
1595 649 1673 698 sui,
1710 652 1753 690 et

233 733 378 760 eorum
398 719 593 759 homines
616 732 691 759 5611
722 722 918 758 tenentes
941 717 1199 771 quicunque,
1221 716 1386 757 dabunt
1417 716 1597 770 singulis
1628 715 1753 756 annis

232 789 420 840 tempore
452 784 714 839 competenti
745 784 905 837 absque
936 783 1025 823 ulla
1056 782 1402 831 contradictione,
1432 781 1754 835 impedimento,

232 851 302 893 vel
334 851 550 900 dilatione,
582 850 847 891 omnimodas
880 849 1066 890 decimas
1098 849 1197 899 feni,
1219 848 1576 897 molendinorum,
1597 851 1639 888 et
1668 847 1754 901 pis-

233 917 367 966 cariae,
388 931 473 957 una
496 930 592 957 cum
615 915 870 956 omnimodis
892 915 987 955 aliis
1009 915 1197 965 decimis,
1215 914 1516 964 oblationibus,
1533 918 1575 955 et
1596 914 1753 954 obven-

234 984 422 1024 tionibus
454 983 613 1024 eisdem
644 982 820 1036 capellis
842 982 893 1022 de
925 982 1126 1022 Neutona
1147 987 1189 1022 et
1211 981 1262 1021 de
1283 980 1458 1034 Aselby,
1479 980 1525 1020 in
1556 980 1754 1021 omnibus

234 1054 276 1091 et
297 1064 371 1103 per
392 1050 534 1090 omnia
554 1049 881 1103 pertinentibus,
903 1047 1118 1101 praedictis
1145 1047 1303 1088 Abbati
1325 1050 1367 1088 et
1390 1047 1520 1088 Conv.
1545 1050 1588 1087 et
1610 1060 1751 1087 eorum

235 1130 345 1158 succ.
367 1116 438 1157 vel
469 1130 614 1157 eorum
645 1115 885 1170 assignatis,
916 1128 1014 1155 cum
1045 1114 1179 1155 libero
1211 1127 1384 1155 accessu
1416 1118 1458 1154 et
1488 1127 1680 1168 regressu
1701 1114 1754 1154 ad

235 1183 371 1223 dictas
389 1182 574 1223 decimas
588 1181 864 1235 recipiendas,
881 1180 1153 1235 colligendas,
1170 1179 1446 1234 asportandas
1465 1183 1507 1220 et
1524 1179 1754 1220 cariandas.

237 1249 435 1290 Praedicti
466 1262 564 1290 vero
586 1248 732 1289 Abbas
764 1251 806 1288 et
829 1248 976 1296 Conv.,
998 1260 1227 1300 eorumque
1260 1259 1520 1287 successores
1552 1246 1597 1285 in
1628 1246 1754 1300 praed.

236 1315 409 1368 capellis
433 1315 579 1355 divina
606 1314 744 1355 officia
764 1313 945 1367 propriis
967 1313 1211 1366 sumptibus
1244 1313 1446 1353 continue
1468 1312 1627 1353 faciant
1649 1312 1756 1353 cele-

235 1382 358 1423 brari.
397 1382 603 1422 Praeterea
616 1380 742 1435 praed.
756 1380 1000 1421 Willelmus
1016 1380 1118 1420 fecit
1133 1379 1379 1433 homagium
1395 1378 1521 1433 praed.
1537 1378 1756 1419 Willelmo

237 1448 410 1497 Abbati,
433 1452 474 1489 et
495 1448 585 1501 ipse
608 1451 649 1488 et
671 1447 766 1488 haer.
790 1447 857 1487 sui
887 1447 1044 1488 facient
1065 1447 1111 1487 in
1141 1451 1360 1500 posterum
1392 1446 1590 1486 omnibus
1611 1445 1755 1486 Abba-

237 1515 353 1555 tibus
395 1514 752 1567 subsequentibus
800 1513 1046 1567 homagium
1092 1527 1167 1567 pro
1218 1512 1458 1553 firmatione
1506 1511 1645 1565 stagni
1691 1511 1757 1552 sui

237 1580 473 1621 molendini
495 1580 546 1620 de
568 1579 754 1633 Aselby1
776 1593 903 1633 supra
933 1580 1053 1619 t'ram
1073 1579 1200 1633 praed.
1223 1579 1406 1620 Abbatis
1428 1579 1474 1618 in
1506 1578 1758 1632 Sleghtes—

238 1647 469 1688 Reddendo
501 1647 725 1687 annuatim
762 1646 921 1687 eisdem
957 1646 1117 1686 Abbati
1149 1650 1191 1686 et
1223 1646 1354 1687 Conv.
1387 1650 1429 1686 et
1460 1658 1605 1686 eorum
1636 1658 1759 1694 51166.,

238 1726 313 1766 pro
354 1712 558 1767 praedicta
599 1712 740 1766 stagni
780 1712 1031 1761 firmatione,
1071 1716 1156 1753 tres
1198 1712 1355 1752 solidos
1391 1716 1598 1765 tanquam
1634 1710 1759 1751 liberi

240 1779 425 1828 firmarii,
447 1779 500 1819 ad
522 1779 626 1819 duos
648 1778 751 1818 anni
772 1778 987 1827 terminos,
1010 1778 1097 1818 scil.
1122 1778 1214 1831 (48)
1237 1778 1509 1818 medietatem
1532 1777 1584 1818 ad
1606 1777 1758 1818 Pente-

241 1849 397 1893 costen,
420 1849 462 1884 et
493 1844 621 1884 aliam
652 1843 760 1884 med.
793 1844 846 1884 ad
877 1844 904 1884 f.
939 1858 969 1884 5.
993 1844 1173 1884 Martini
1203 1844 1249 1883 in
1279 1857 1412 1897 yeme.
1473 1843 1628 1884 Dictus
1662 1856 1758 1884 vero

240 1910 485 1952 *Willelmus
508 1914 551 1951 et
582 1910 679 1951 haer.
704 1909 782 1959 5111,
804 1913 844 1950 et
867 1910 934 1950 sui
965 1909 1180 1964 assignati.
1203 1909 1329 1963 praed.
1353 1909 1537 1963 capellas
1560 1909 1610 1950 de
1641 1909 1684 1950 N
1687 1923 1758 1950 eu-

240 1982 342 2018 tona
375 1980 416 2017 et
457 1976 508 2016 de
548 1976 720 2029 Aselby,
762 1976 860 2016 t'ras
901 1976 1241 2029 praenominatas,
1283 1989 1381 2016 cum
1422 1976 1621 2016 omnibus
1662 1975 1758 2016 aliis

241 2042 528 2096 pertinenciis,
558 2042 774 2096 praedictis
795 2042 957 2083 Abbati
988 2046 1030 2083 et
1060 2042 1188 2083 Conv.
1223 2042 1274 2082 de
1296 2042 1516 2095 Whiteby,
1539 2046 1581 2082 et
1612 2055 1758 2082 eorum

242 2123 364 2158 succ,
386 2122 419 2150 6.
444 2122 477 2149 o.
500 2108 540 2150 h.
562 2122 671 2158 war„
688 2108 794 2162 adq„
812 2113 854 2150 et
871 2107 1132 2163 defende[n]t
1153 2108 1482 2162 imperpetuum.
1535 2108 1597 2149 Ut
1614 2112 1757 2149 autem

242 2174 332 2215 haec
369 2174 594 2223 concessio,
631 2174 893 2215 confirmatio
930 2179 972 2215 et
1006 2188 1074 2228 qu.
1112 2174 1308 2215 clamatio
1346 2174 1599 2228 supradictae
1631 2174 1760 2214 robur

242 2244 458 2294 perpetuae
478 2241 693 2281 firmitatis
725 2241 958 2294 optineant,
980 2241 1104 2294 praed.
1129 2240 1385 2290 XVillelmus,
1406 2254 1481 2294 pro
1514 2254 1556 2281 se
1588 2243 1630 2281 et
1660 2239 1757 2280 haer.

243 2307 343 2356 suis,
380 2307 456 2347 uni
487 2307 599 2360 parti
631 2307 759 2361 hujus
793 2321 867 2348 scr.
905 2307 951 2347 in
983 2307 1159 2347 modum
1195 2320 1351 2361 cyrogr.
1395 2306 1588 2356 confecti,
1629 2319 1758 2359 penes

242 2373 465 2426 praedictos
498 2373 710 2414 Abbatem
752 2377 795 2414 et
833 2373 963 2414 Conv.
1000 2373 1215 2421 residenti,
1256 2373 1330 2426 sig.
1373 2386 1498 2413 suum
1538 2372 1760 2426 apposuit3

244 2439 436 2492 praedicti
456 2453 555 2480 vero
568 2439 714 2479 Abbas
737 2443 778 2480 et
801 2439 931 2480 Conv.
950 2439 1073 2480 alteri
1093 2439 1206 2492 parti
1226 2439 1354 2492 hujus
1377 2452 1468 2488 scr„
1489 2452 1619 2492 penes
1632 2437 1757 2491 praed.

245 2505 514 2546 Willelmum
544 2505 759 2555 residenti,
781 2505 969 2560 sigillum
992 2505 1182 2559 Capituli
1203 2504 1269 2545 sui
1299 2508 1598 2558 apposuerunt.
1660 2503 1759 2544 Η115

245 2571 439 2612 testibus.

295 2686 305 2707 1
332 2688 416 2720 This
442 2689 470 2719 is
496 2689 706 2730 necessarily
723 2689 784 2721 the
809 2690 890 2721 dam
916 2690 1008 2721 close
1038 2694 1072 2721 to
1099 2689 1250 2731 Sleights
1277 2688 1403 2731 Bridge
1428 2688 1497 2720 and
1523 2687 1671 2726 Station,
1699 2686 1759 2718 the

248 2743 321 2774 mill
340 2743 462 2775 served
480 2743 527 2784 by
545 2743 660 2775 which
678 2744 780 2775 stood
798 2755 842 2775 no
863 2756 947 2786 very
966 2744 1048 2787 long
1064 2744 1150 2776 time
1168 2744 1271 2776 since.
