1899 3288
374 369 736 402 CARTULARIUM
762 370 1032 403 ABBATHIAE
1059 370 1122 402 DE
1148 369 1398 402 WHITEBY.
1558 360 1630 398 36]

128 479 409 529 Conventum,
431 493 508 520 nec
530 493 674 520 eorum
705 493 977 528 successores,
999 479 1050 520 de
1071 484 1222 520 caetero
1245 477 1533 532 calumpniare
1564 490 1639 517 seu

124 543 360 597 inquietare
397 545 653 599 poterimus;
693 549 758 585 set
788 559 856 585 me
887 548 929 585 et
959 544 1058 585 haer.
1088 558 1204 585 meos
1236 544 1288 584 ab
1320 543 1437 584 omni
1472 542 1639 583 actione

125 609 293 650 eosdem
314 610 527 651 Abbatem
559 614 601 651 et
633 611 904 651 Conventum
935 610 1035 651 inde
1065 608 1373 664 perturbandil
1405 610 1456 649 de
1488 612 1639 649 caetero

125 675 210 715 fore
233 676 426 716 exclusos
457 676 591 717 fateor
617 690 690 729 per
711 680 966 729 praesentes3
998 675 1116 716 salva
1147 689 1312 728 semper
1334 674 1494 715 eisdem
1526 687 1638 714 com-

124 756 255 783 muna
275 746 460 796 pasturae
481 743 613 783 libero
644 745 889 783 tenemento
911 742 1142 782 eorundem
1172 742 1219 781 in
1241 741 1389 782 eadem
1410 740 1515 781 villa
1545 753 1638 793 per-

123 808 299 850 tinente.
361 809 384 849 I
388 823 415 849 n
437 809 558 862 cujus
579 809 640 849 rei
661 812 755 849 test.
779 821 897 862 praes.
922 821 998 849 scr.
1021 808 1095 862 sig.
1119 821 1263 847 meum
1286 806 1475 860 apposui.
1538 806 1637 846 Hiis

124 875 314 915 testibus.
376 875 574 916 Johanne
606 875 657 915 de
688 873 829 915 Eure.2
888 873 1111 914 Willelmo
1134 873 1358 926 Moubray.
1419 872 1638 912 Willelmo

124 940 211 981 filio
243 942 418 981 Roberti
450 941 501 982 de
531 941 776 994 Nunthorp.
838 939 1058 981 willelmo
1091 940 1142 980 de
1174 939 1384 980 Mortona.
1445 938 1638 979 Waltero

124 1007 248 1047 Lane.
310 1007 537 1061 Radulpho
560 1007 747 1058 Cleri003
779 1010 821 1047 et
843 1006 948 1047 aliis.
1010 1006 1175 1047 Datum
1197 1005 1310 1058 apud
1331 1004 1548 1057 Whiteby,
1570 1004 1638 1044 die

123 1071 335 1113 dominica
368 1073 564 1126 proxima
602 1077 699 1126 post
738 1073 764 1112 f.
810 1072 848 1112 S.
888 1071 1067 1112 Martini
1098 1071 1144 1111 in
1184 1071 1351 1125 hyeme,
1384 1070 1434 1111 A.
1479 1069 1638 1110 Gratiae

123 1138 349 1180 millesimo
371 1139 667 1180 trecentesimo
690 1138 949 1179 duodecimo.

775 1262 998 1304 OCCCIV.

182 1352 265 1407 (4¹⁰)
287 1354 330 1394 N
333 1353 498 1395 overint
528 1353 718 1394 universi
748 1367 866 1407 praes.
899 1367 974 1394 scr.
1002 1354 1314 1407 cyrografatum
1344 1353 1420 1394 vis.
1444 1352 1513 1393 vel
1544 1352 1641 1393 aud.

122 1420 248 1474 quod,
270 1434 366 1461 cum
398 1434 483 1474 ego,
506 1420 723 1461 Galfridus
757 1420 807 1460 de
839 1419 997 1468 Rosels,
1019 1420 1132 1460 filius
1154 1419 1364 1460 Willelmi
1396 1419 1447 1460 de
1479 1419 1640 1467 Rosels,

124 1486 287 1535 militis,
308 1486 471 1527 dudum
499 1486 776 1527 concesserim
808 1489 849 1526 et
871 1485 1061 1526 dederim
1083 1485 1309 1539 Religiosis
1337 1485 1452 1534 viris,
1479 1485 1641 1525 Abbati

121 1556 163 1593 et
195 1552 326 1593 Conv.
348 1553 399 1593 de
420 1553 638 1605 Whiteby,
660 1566 931 1593 communam
961 1556 1144 1605 pasturae
1175 1551 1335 1604 ubique
1365 1551 1411 1590 in
1442 1551 1639 1591 omnibus

123 1618 272 1667 boscis,
293 1618 422 1658 moris
445 1622 486 1658 et
506 1617 692 1670 pasturis
713 1617 819 1657 meis
840 1617 885 1656 in
907 1617 950 1656 N
952 1621 1108 1657 eutona
1136 1616 1286 1657 subtus
1310 1615 1641 1670 Onenesbergli‚3

123 1688 300 1738 excepto
323 1683 508 1737 quodam
537 1683 629 1724 loco
651 1683 726 1736 qui
754 1683 911 1723 dicitur
941 1683 1300 1737 Roselbigginges,
1322 1682 1374 1723 ad
1406 1696 1481 1723 sex
1511 1682 1639 1723 boves

124 1764 222 1790 suos
252 1749 298 1789 in
329 1749 476 1790 eadem
496 1749 602 1790 villa
623 1749 674 1789 de
704 1749 747 1788 N
750 1753 906 1790 eutona
936 1752 1269 1799 commorantes3
1299 1762 1347 1789 ac
1368 1761 1443 1802 ego
1464 1748 1638 1789 boscum

124 1829 268 1857 meum
285 1815 409 1856 dictae
425 1815 539 1855 villae
557 1815 607 1855 de
625 1815 836 1864 Neutona,
852 1814 897 1854 in
912 1828 995 1868 quo
1008 1814 1138 1855 iidem
1153 1813 1356 1868 Religiosi
1370 1828 1640 1855 communam

123 1882 177 1922 ad
216 1881 343 1922 boves
380 1894 476 1921 suos
517 1881 740 1934 praedictos
775 1880 938 1921 ratione
975 1880 1258 1921 concessionis
1300 1894 1404 1921 meae
1438 1880 1639 1934 predictae

125 1948 414 2002 optinuerunt,
446 1947 702 1996 succindere,
734 1950 955 2000 amputare
991 1960 1039 1987 ac
1075 1947 1204 1987 etiam
1240 1947 1423 1987 eundem
1463 1947 1639 1987 boscum

125 2028 223 2068 sepe
259 2017 301 2055 et
337 2013 591 2067 cla[u]stura
625 2027 761 2067 usque
797 2013 850 2054 ad
886 2017 1056 2066 tempus
1093 2013 1420 2067 circumcingere
1456 2013 1640 2062 fecerim,

125 2080 393 2121 considerans
415 2079 651 2133 dampnum
673 2080 787 2133 quod
818 2079 943 2120 dictis
966 2079 1191 2133 Religiosis
1222 2079 1385 2120 ratione
1414 2079 1639 2120 clausturae

125 2147 242 2187 bosci
270 2146 395 2200 praed.
419 2145 586 2186 evenire
617 2146 774 2199 poterit
803 2160 852 2186 ex
883 2159 930 2186 60
953 2146 1066 2198 quod
1088 2146 1139 2185 de
1162 2145 1276 2186 dicta
1307 2159 1383 2186 sua
1414 2159 1640 2186 commune

125 2213 171 2253 in
201 2216 371 2253 tantum
401 2212 544 2252 minus
575 2211 875 2260 excluduntur,
907 2225 958 2252 ex
990 2225 1085 2251 mea
1114 2210 1247 2251 libera
1278 2211 1500 2252 voluntate
1530 2211 1639 2259 volo,

125 2277 318 2326 concedo,
341 2282 382 2318 et
402 2291 477 2330 pro
499 2290 566 2317 me
588 2280 628 2317 et
650 2277 746 2317 haer.
769 2277 886 2326 meis,
908 2290 982 2330 per
1002 2290 1121 2330 prees.
1144 2290 1219 2317 scr.
1242 2290 1504 2331 recognosco,
1526 2277 1636 2330 quod

125 2344 250 2398 praed.
274 2342 477 2397 Religiosi
498 2342 684 2382 habeant
706 2355 976 2382 communam
998 2346 1182 2395 pasturae
1203 2342 1256 2382 ad
1277 2355 1374 2382 suos
1405 2355 1479 2382 sex
1509 2342 1638 2382 boves

125 2409 249 2464 praed.
291 2409 337 2448 in
376 2408 468 2449 loco
510 2408 583 2461 qui
625 2407 783 2448 dicitur
829 2407 1174 2461 Roselbigginges
1216 2407 1555 2461 quandocunque
1597 2412 1639 2449 et

126 2475 461 2529 quotiescunque
492 2474 655 2514 dictum
685 2474 860 2514 boscum
892 2473 1095 2521 succindi,
1117 2472 1269 2522 claudi,
1290 2473 1359 2513 vel
1388 2473 1434 2513 in
1466 2474 1638 2515 defenso

126 2541 228 2595 poni
258 2539 483 2593 contigerit
512 2539 558 2578 in
590 2539 795 2587 futurum,
825 2539 985 2591 absque
1018 2538 1316 2579 reclamatione
1351 2552 1426 2580 seu
1458 2539 1638 2593 impedi-

127 2611 270 2647 mento
290 2606 374 2647 mei
396 2605 463 2645 ve]
486 2605 582 2646 haer.
605 2618 806 2653 meorum,
828 2618 913 2644 non
944 2604 1140 2644 obstante
1168 2604 1324 2658 scripto
1356 2606 1638 2646 concessionis

128 2673 253 2713 dictae
274 2685 510 2713 communae
541 2671 700 2712 eisdem
722 2670 945 2723 Religiosis
976 2670 1092 2723 prius
1114 2670 1308 2720 confecti,
1333 2671 1379 2710 in
1401 2685 1484 2724 quo
1505 2672 1639 2724 speci-

127 2738 250 2779 aliter
280 2737 480 2778 inseritur
501 2750 554 2777 ne
576 2736 680 2777 dicti
703 2735 765 2789 (5)
789 2735 992 2789 Religiosi
1013 2735 1059 2775 in
1081 2735 1194 2775 dicto
1214 2736 1305 2776 loco
1328 2737 1639 2777 communicare

175 2836 187 2857 1
209 2837 444 2878 perturbanda
496 2835 674 2876 Probably
692 2835 753 2866 the
770 2834 913 2877 reading
931 2835 1041 2877 ought
1057 2838 1094 2867 to
1111 2835 1154 2867 be
1172 2847 1209 2867 as
1226 2835 1262 2867 in
1280 2836 1340 2868 the
1357 2839 1445 2868 text.

174 2890 187 2911 2
212 2892 370 2923 Written
386 2902 459 2923 cuce
476 2902 514 2923 or
531 2901 614 2930 enee,
635 2890 700 2921 but
725 2889 897 2931 probably
913 2889 962 2931 by
979 2890 1130 2921 mistake
1147 2890 1200 2922 for
1217 2890 1317 2923 Eure.

176 2945 190 2966 3
215 2946 288 2978 The
313 2957 414 2977 name
440 2946 468 2977 is
494 2945 579 2977 thus
598 2945 752 2982 written,
775 2944 840 2976 but
864 2955 908 2976 no
931 2945 1044 2976 doubt
1069 2945 1130 2977 the
1156 2957 1194 2977 ne
1219 2945 1248 2977 is
1274 2946 1571 2989 unintentionally
1589 2959 1638 2979 re-

125 3000 336 3042 duplicated.
