1889 3221
245 375 326 412 552
499 382 860 416 CARTULARIUM
885 382 1152 415 ABBATHIAE
1178 382 1241 415 DE
1266 383 1513 417 WHITEBY.

240 492 350 542 t'ras,
391 506 457 534 res
502 497 545 534 et
585 492 873 546 possessiones
921 505 1066 532 eorum
1108 506 1405 547 manucapere,
1444 497 1661 547 protegere
1712 496 1753 533 et

240 557 479 608 defendere,
501 559 613 599 sicut
634 561 779 599 nostra
800 558 969 612 propria
990 558 1058 599 vel
1080 558 1305 608 dominica,
1325 573 1411 599 non
1431 559 1661 600 inferentes
1683 559 1757 608 eis,

240 622 309 663 vel
349 624 402 665 ab
442 624 586 678 aliquo
627 624 777 665 inferri
818 624 1118 678 permittentes
1159 625 1374 678 injuriam,
1414 639 1642 679 gravamen
1678 629 1752 666 aut

240 689 491 740 molestiam,
513 694 659 731 contra
690 690 911 731 libertates
943 694 1153 731 cartarum
1179 705 1351 732 suarum
1374 705 1479 745 quas
1509 691 1669 732 habent
1700 691 1751 732 de

239 755 361 796 nobis
393 760 435 797 et
466 757 805 798 antecessoribus
837 757 1015 798 nostris:
1049 761 1090 798 et
1113 758 1147 798 si
1170 758 1228 798 eis
1251 758 1296 797 in
1319 757 1463 812 aliquo
1486 758 1753 799 forisfactum

238 821 378 871 fuerit,
414 823 457 863 id
493 823 552 864 eis
589 823 680 864 sine
717 823 925 864 dilatione
961 824 1179 864 emendari
1220 823 1395 865 faciatis.
1470 824 1750 865 Prohibemus

237 887 365 928 etiam
388 889 500 942 quod
523 903 609 930 non
631 894 848 943 ponantur
868 890 912 930 in
936 889 1141 943 placitum
1166 889 1217 930 de
1239 890 1381 944 aliquo
1403 890 1516 944 quod
1537 890 1748 943 pertineat

236 953 288 993 ad
321 967 545 1007 personam
569 955 761 1005 Abbatis,
782 955 852 997 vel
882 956 935 996 ad
966 955 1280 997 Monasterium
1307 970 1431 997 suum
1454 956 1568 1010 quod
1598 960 1747 997 tenent

236 1019 286 1060 de
324 1021 445 1062 nobis
479 1021 522 1061 in
560 1023 709 1076 capite,
739 1023 820 1063 nisi
858 1036 996 1063 coram
1030 1023 1151 1063 nobis
1183 1022 1251 1064 vel
1284 1022 1467 1077 capitali
1499 1023 1745 1063 Justiciario

236 1089 391 1136 nostro,
415 1091 490 1128 etc.

378 1227 668 1269 DLXXXVI.
701 1229 888 1282 (ROTULI
912 1228 1202 1279 CHARTARUM,
1226 1234 1247 1269 2
1271 1229 1392 1270 JOHN
1416 1229 1596 1283 [1200]).

657 1294 807 1335 CARTA
829 1295 1023 1336 ABBATIS
1045 1306 1101 1335 DE
1127 1295 1316 1336 WJTEBY.

288 1392 507 1434 Johannes
547 1394 600 1435 D.
634 1394 682 1436 G.
723 1394 828 1443 Rex,
864 1399 942 1436 etc.
1020 1395 1176 1436 Sciatis
1212 1409 1288 1436 nos
1330 1395 1584 1436 concessisse
1617 1395 1742 1436 Petro

229 1458 388 1498 Abbati
430 1459 481 1500 de
519 1460 704 1514 Witeby,
741 1466 784 1501 et
829 1461 1142 1502 successoribus
1183 1461 1282 1510 suis,
1323 1465 1365 1502 et
1406 1461 1649 1503 Conventui
1689 1461 1740 1503 de

228 1523 416 1578 Witeby,
449 1525 563 1578 quod
597 1530 711 1566 carta
744 1526 915 1567 Ricardi
951 1527 1002 1568 de
1037 1527 1279 1576 WatervilL
1315 1526 1529 1581 quondam
1559 1527 1740 1567 Abbatis

227 1588 278 1628 de
309 1589 485 1644 witeby
521 1594 563 1632 et
599 1592 847 1633 Conventus
884 1592 1076 1646 ejusdem
1119 1593 1215 1642 loci,
1251 1607 1379 1647 quam
1418 1593 1657 1646 Burgenses
1690 1592 1742 1633 de

227 1654 401 1710 Witeby
441 1657 613 1707 habent,
658 1662 701 1699 et
741 1672 836 1712 quae
877 1662 942 1700 est
977 1664 1124 1700 contra
1165 1659 1418 1713 dignitatem
1458 1658 1658 1700 Ecclesiae
1689 1658 1740 1699 de

225 1720 414 1776 Witeby,
455 1726 503 1763 ut
544 1724 713 1773 dicitur,
754 1738 840 1765 non
882 1725 1204 1766 confirmabitur
1243 1739 1267 1766 a
1307 1725 1430 1766 nobis
1445 1724 1587 1766 :—Set
1618 1724 1740 1765 vobis

223 1788 475 1830 mandamus
511 1793 553 1830 et
593 1790 771 1831 firmiter
810 1791 1083 1845 praecipinius
1119 1792 1233 1845 quod
1268 1791 1465 1845 praedicti
1500 1791 1738 1844 Burgenses

221 1853 382 1894 faciant
422 1856 625 1908 praedicto
666 1856 830 1897 Abbati
865 1857 978 1910 quod
1014 1857 1052 1898 ei
1089 1857 1226 1898 facere
1260 1857 1416 1897 debent
1450 1857 1496 1896 in
1527 1856 1737 1905 omnibus,

220 1918 331 1959 sicut
371 1920 539 1973 plenius
580 1921 772 1962 fecerunt
812 1926 855 1963 et
896 1922 1033 1963 facere
1074 1922 1325 1971 debuerunt,
1365 1928 1454 1962 tam
1489 1921 1573 1974 ipsi
1607 1921 1735 1962 Petro

220 1984 382 2026 Abbati
422 1999 551 2039 quam
592 1987 905 2028 successoribus
946 1988 1044 2028 suis.
1120 1988 1319 2028 Testibus
1362 1986 1593 2040 G[ilberto]
1629 1986 1734 2040 Ep'o

220 2049 419 2092 Roffensi.
496 2052 727 2107 G[alfrido]
765 2053 852 2093 filio
887 2053 1003 2093 Petri
1039 2053 1218 2094 Comitis
1254 2053 1400 2093 EsseX.
1469 2051 1731 2106 B[aldwino]

219 2115 386 2157 Comite
434 2117 721 2160 Albamarliae.
803 2119 987 2172 Hugone
1047 2119 1181 2159 Bard'.
1268 2117 1488 2159 Willelmo
1539 2117 1731 2159 Briwerr.

217 2181 380 2222 Datum
416 2196 491 2236 per
525 2197 701 2224 manum
738 2184 975 2238 S[ymonis]
1008 2184 1249 2234 Wellensis,
1281 2183 1394 2238 apud
1429 2183 1619 2225 Lincoln.
1651 2184 1730 2224 xiii

217 2247 288 2288 die
309 2248 337 2287 J
339 2249 503 2290 anuarii
525 2250 581 2289 ΑΟ
601 2249 720 2303 regni
742 2250 877 2290 nostri
898 2248 977 2292 iid0.

234 2379 549 2421 DLXXXVII.
581 2381 683 2422 PAT.
710 2385 760 2422 18
787 2382 962 2431 EDW.1.‚
983 2396 1036 2423 m.
1063 2386 1126 2423 24.
1184 2383 1275 2423 PRO
1299 2382 1478 2422 ABBATE
1499 2392 1551 2422 ET
1574 2381 1706 2423 Conv.

387 2455 443 2485 DE
465 2445 697 2497 WHITEBY,
718 2457 774 2487 DE
796 2447 1006 2488 LICENTIA
1028 2458 1237 2488 REOIPERE
1258 2458 1447 2497 TERRAM,
1468 2457 1556 2488 ΕΤο.

271 2536 364 2576 Rex
400 2536 600 2577 omnibus
638 2541 730 2587 etc.‚
771 2537 967 2578 salutem.
1041 2537 1163 2579 Licet
1199 2538 1250 2579 de
1287 2538 1505 2579 communi
1545 2537 1723 2579 consilio

212 2601 331 2654 regni
361 2603 496 2642 nostri
526 2602 841 2656 providerimus
863 2603 976 2656 quod
1007 2617 1093 2644 non
1115 2604 1242 2645 liceat
1263 2604 1366 2645 viris
1388 2604 1627 2657 Religiosis,
1649 2617 1722 2644 seu

212 2666 320 2715 aliis,
350 2666 515 2721 ingredi
547 2667 721 2708 feodum
753 2667 936 2722 alicujus
968 2701 975 2709 .
1010 2702 1019 2711 .
1051 2701 1058 2710 .
1091 2669 1206 2723 quod
1227 2669 1280 2709 ad
1310 2682 1487 2709 manum
1509 2673 1721 2709 mortuam

210 2730 408 2771 deveniat
439 2732 530 2772 sine
560 2732 737 2773 licentia
767 2737 923 2782 nostra,
945 2738 987 2774 et
1018 2733 1218 2787 capitalis
1248 2733 1426 2774 Domini
1458 2733 1510 2773 de
1540 2747 1623 2786 quo
1654 2747 1720 2774 res

207 2796 284 2836 illa
304 2796 549 2838 immediate
571 2802 755 2848 tenetur,
775 2798 968 2839 volentes
991 2803 1135 2839 tamen
1156 2798 1313 2839 dilecto
1335 2798 1457 2838 nobis
1479 2798 1650 2852 Nigello
1668 2798 1719 2839 de

208 2862 415 2902 Neweton
438 2862 652 2903 Rochford
674 2864 855 2917 gratiam
877 2864 1013 2905 facere
1044 2863 1286 2917 specialem,
1309 2863 1504 2904 dedimus
1527 2864 1567 2904 ei
1588 2863 1719 2904 licen-

204 2927 321 2974 tiam,
352 2931 560 2979 quantum
583 2928 627 2967 in
651 2928 773 2969 nobis
794 2933 870 2977 est,
892 2930 1005 2982 quod
1037 2929 1129 2982 ipse
1155 2943 1290 2969 unum
1322 2929 1589 2982 mesuagium
1612 2934 1655 2970 et
1686 2945 1712 2970 x

203 2992 378 3032 bovatas
393 2992 488 3041 t'rae,
507 3005 602 3032 cum
617 2993 901 3045 pertinenciis,
919 2994 962 3033 in
982 2994 1024 3033 N
1027 2998 1191 3034 eweton
1210 2994 1448 3034 Rocheford
1463 2994 1561 3034 dare
1577 2995 1714 3048 possit
