1889 3221
210 362 291 398 508
453 368 814 402 GARTULARIUM
838 367 1108 400 ABBATHIAE
1133 367 1197 399 DE
1221 366 1468 399 WHITEBY.

210 478 238 518 J
242 477 429 519 ohannes
461 478 512 519 de
543 477 716 527 VVelles,
749 477 949 526 Clericus,
977 480 1265 530 procuratores
1297 476 1508 516 elieborum
1539 473 1720 514 Abbatis

213 547 255 583 et
278 543 421 593 Conv.,
443 543 625 597 speciale
646 543 896 583 mandatum
918 543 1124 583 habentes
1146 542 1201 582 ad
1222 541 1565 583 submittendum
1586 540 1722 580 dictos

211 609 421 651 Abbatem
453 613 494 650 et
525 610 653 651 Conv.
677 609 935 650 ordinationi
966 622 1013 649 ac
1043 608 1259 649 voluntati
1290 611 1444 648 nostrae
1473 606 1646 661 penitus
1677 605 1724 645 in

211 676 451 729 praemissis,
473 676 612 716 dictus
634 689 734 717 vero
766 676 920 716 Petrus
951 675 1243 729 personaliter,
1273 674 1411 715 Nonis
1444 673 1552 714 Maii
1583 672 1633 712 A.
1666 685 1724 725 gr.

212 742 441 782 millesimo
464 747 560 782 ccIno
581 741 935 795 quinquagesimo
957 741 1095 790 tertio,
1116 741 1162 780 in
1193 743 1339 780 nostra
1369 738 1596 793 praesentia
1626 751 1722 779 con-

213 807 469 848 stituerunt1
502 822 559 857 se,
579 812 734 848 nostrae
765 807 1024 848 ordinationi
1056 811 1098 847 et
1127 805 1353 855 voluntati,
1375 819 1500 859 super
1529 804 1722 859 portione

213 873 417 926 praedicta
441 876 631 922 vacante,
658 873 762 914 dicti
792 876 1085 927 procuratores
1116 872 1230 926 ipsos
1261 872 1474 912 Abbatem
1506 874 1548 912 et
1580 871 1724 918 Conv„

215 938 353 979 dictus
375 953 475 979 vero
500 939 653 980 Petrus
675 939 874 992 seipsum,
895 939 1068 992 penitus
1090 938 1390 986 submiserunt,
1412 937 1722 991 promittentes,

215 1004 320 1044 dicti
346 1008 635 1058 procuratores
657 1018 732 1058 pro
755 1018 810 1054 se,
831 1004 997 1045 Abbate
1019 1009 1062 1045 et
1085 1004 1228 1053 Conv.,
1250 1007 1293 1044 et
1315 1004 1454 1044 dictus
1477 1003 1629 1044 Petrus
1649 1015 1724 1056 pro

215 1082 271 1118 se,
293 1069 498 1123 quicquid
519 1083 646 1123 super
667 1070 814 1111 eadem
835 1070 1029 1123 portione
1050 1083 1125 1123 per
1155 1083 1232 1110 nos
1264 1072 1375 1110 esset
1404 1068 1634 1122 provisum,
1656 1067 1725 1108 vel

215 1135 345 1175 etiam
386 1135 641 1185 ordinatum,
682 1149 772 1176 sese
812 1135 995 1176 fideliter
1035 1139 1077 1175 et
1116 1135 1279 1189 integre
1320 1139 1571 1175 servaturos.
1634 1133 1724 1174 Nos

213 1200 370 1254 itaque,
417 1201 722 1242 deliberatione
767 1201 916 1241 habita
959 1200 1154 1254 pleniori,
1194 1200 1485 1241 ordinavimus
1526 1200 1605 1241 sub
1645 1199 1725 1240 hac

214 1266 534 1308 forma—videl.
557 1267 670 1320 quod
690 1267 795 1307 dicti
815 1266 960 1307 Abbas
983 1270 1025 1307 et
1051 1266 1181 1307 ConV.
1204 1266 1257 1306 ad
1278 1265 1456 1307 eandem
1488 1265 1724 1319 portionem

214 1336 438 1374 vacantem
459 1346 683 1386 personam
704 1333 901 1374 idoneam
921 1336 1226 1386 praesentarent
1256 1333 1330 1386 qui
1360 1333 1515 1373 Rector
1545 1345 1619 1385 per
1648 1344 1725 1371 nos

214 1398 510 1440 institueretur
543 1399 590 1439 in
626 1399 798 1439 eadem:
841 1399 911 1439 Ita
942 1399 1057 1452 quod
1091 1399 1230 1440 dictus
1267 1400 1418 1440 Petrus
1452 1411 1597 1439 omnes
1630 1410 1725 1450 pro-

214 1467 368 1504 ventus
390 1464 524 1518 ipsius
546 1464 642 1505 eccl.
665 1464 712 1504 in
732 1468 822 1505 tota
842 1465 933 1505 vita
964 1478 1040 1505 sua
1060 1464 1223 1519 integre
1244 1464 1462 1518 percipiat,
1484 1467 1548 1504 set
1570 1463 1722 1504 clerico

214 1530 509 1583 praesentando
549 1544 625 1584 per
666 1530 801 1571 dictos
850 1530 960 1571 Abb.
1005 1534 1047 1571 et
1090 1530 1233 1580 Conv.,
1275 1544 1323 1571 ac
1363 1543 1438 1584 per
1479 1543 1556 1570 nos
1600 1528 1723 1583 (177)

214 1596 490 1646 instituendo,
530 1597 576 1637 in
617 1596 732 1637 dicta
771 1600 952 1638 vacante
991 1597 1197 1650 portione,
1232 1596 1405 1637 nomine
1437 1599 1725 1650 proventuum

215 1662 420 1715 portionis
442 1663 576 1716 ipsius
599 1663 843 1716 quindecim
872 1676 1033 1704 marcas
1064 1662 1276 1716 persolvet
1306 1663 1469 1716 integre
1500 1661 1723 1702 annuatim

215 1727 269 1767 ad
302 1727 407 1768 duos
442 1733 560 1769 term.
591 1728 875 1769 anni—videl.
908 1729 962 1769 ad
992 1729 1019 1770 f.
1044 1729 1080 1770 S.
1113 1728 1295 1769 Martini
1321 1728 1368 1768 in
1402 1741 1525 1781 yeme
1561 1731 1724 1781 septem

215 1807 376 1834 marcas
408 1798 451 1834 et
482 1794 593 1843 dim„
625 1798 668 1835 et
700 1794 746 1834 in
776 1795 803 1835 f.
836 1795 957 1836 Pent.
987 1797 1151 1848 septem
1179 1808 1233 1835 m.
1263 1797 1305 1834 et
1334 1793 1579 1834 dimidiam:
1612 1793 1725 1833 Item

218 1859 332 1911 quod
366 1859 482 1900 idem
515 1860 668 1900 Petrus
704 1860 750 1900 in
785 1864 875 1900 tota
899 1861 989 1901 vita
1021 1874 1097 1900 sua
1128 1860 1230 1900 dum
1265 1863 1497 1913 proventus
1533 1859 1724 1913 ejusdem

217 1924 315 1964 eccl.
367 1925 615 1978 perceperit,
664 1939 740 1978 per
789 1928 1076 1979 competentes
1125 1925 1343 1965 ministros
1392 1925 1476 1978 ipsi
1526 1923 1725 1973 ecclesiae,

218 1989 461 2043 sumptibus
498 1989 599 2038 suis,
635 1990 761 2030 faciet
797 1990 1008 2040 deserviri,
1039 1994 1082 2031 et
1113 1990 1255 2030 omnia
1291 2003 1417 2030 onera
1456 1989 1726 2030 ordinaria—

217 2055 485 2108 episcopalia,
511 2055 650 2105 videl„
672 2059 715 2097 et
745 2056 1109 2105 archidiaconalia,
1132 2059 1175 2097 et
1205 2059 1355 2097 caetera
1385 2056 1528 2096 debita
1559 2060 1601 2096 et
1631 2069 1724 2096 con-

217 2125 348 2169 sueta,
389 2121 640 2172 sustinebit3
686 2125 750 2162 set
795 2122 1128 2162 extraordinaria
1168 2121 1332 2162 omnia2
1369 2135 1505 2171 onera,
1541 2121 1578 2161 si
1618 2120 1724 2175 qua3

217 2186 482 2240 contigerint,
504 2190 592 2227 tam
614 2186 753 2228 dictus
785 2188 949 2237 Petrus,
980 2201 1109 2241 quam
1140 2188 1268 2228 etiam
1298 2187 1620 2241 praesentandus
1649 2200 1725 2241 per

217 2252 350 2292 dictos
371 2252 585 2293 Abbatem
607 2257 649 2294 et
671 2253 942 2294 Conventum
963 2258 1005 2294 et
1025 2267 1098 2307 per
1118 2267 1194 2294 nos
1215 2253 1505 2294 instituendus
1528 2252 1727 2302 Clericus,

217 2318 451 2359 secundum
481 2318 757 2372 qualitatem4
788 2319 1067 2360 emolumenti
1097 2333 1223 2373 quam
1256 2319 1549 2372 unusquisque
1581 2332 1725 2359 eorum

218 2383 269 2423 ab
295 2383 471 2424 ecclesia
500 2384 592 2437 ipsa
621 2384 829 2438 percipiet
859 2385 1145 2426 sustinebunt.
1206 2386 1263 2425 Et
1294 2384 1330 2425 si
1360 2384 1577 2438 contingat
1608 2384 1723 2437 quod

218 2448 357 2489 dictus
393 2449 545 2490 Petrus
576 2451 871 2503 praesentando
905 2454 947 2491 et
981 2450 1258 2499 instituendo,
1279 2453 1328 2490 ut
1362 2450 1615 2504 praedictum
1650 2453 1726 2499 est,

218 2513 369 2554 clerico
400 2515 639 2568 superstite,
670 2515 842 2556 cesserit
872 2515 942 2556 vel
972 2516 1209 2565 decesserit,
1231 2515 1301 2556 vel
1333 2515 1415 2556 alio
1446 2515 1563 2568 justo
1599 2515 1724 2556 modo

217 2580 454 2632 portionem
475 2594 605 2634 quam
635 2595 712 2622 suo
742 2581 915 2622 nomine
946 2582 1123 2635 optinet,
1154 2582 1373 2630 dimiserit,
1403 2581 1517 2621 idem
1548 2580 1725 2622 clericus

220 2658 272 2685 ex
302 2649 405 2686 tunc
441 2660 585 2687 omnes
620 2651 852 2700 proventus
888 2647 1013 2688 dictae
1043 2647 1233 2687 vacantis
1268 2646 1474 2700 portionis
1510 2659 1605 2699 quae
1641 2647 1726 2687 fuit

220 2711 434 2763 quondam
456 2712 560 2752 dicti
580 2712 800 2767 Hugonis5
820 2713 867 2753 in
895 2716 987 2753 tota.
1016 2712 1106 2753 vita
1137 2726 1212 2753 sua
1242 2712 1404 2765 integre
1434 2712 1651 2765 percipiet,
1682 2716 1725 2753 et

219 2790 293 2829 pro
315 2775 428 2817 rata6
449 2778 639 2830 ejusdem
659 2778 864 2831 portionis
895 2778 1116 2819 servitium
1138 2777 1336 2826 ecclesiae,
1357 2777 1444 2817 suis
1467 2778 1723 2831 sumptibus,

220 2839 363 2895 (177b)
395 2845 438 2882 et
467 2843 580 2883 dicta
611 2857 736 2884 onera
768 2844 1021 2897 episcopalia
1053 2847 1094 2883 et
1123 2842 1473 2883 archidiaconalia
1501 2846 1543 2883 et
1576 2848 1725 2884 caetera

268 2931 278 2951 ¹
306 2933 480 2970 constituit,
504 2933 544 2963 R.
785 2934 798 2953 ²
823 2934 939 2965 omnia
957 2933 1105 2965 omitted
1123 2934 1159 2965 in
1178 2934 1218 2965 R.
1454 2931 1468 2953 3
1492 2935 1584 2972 sicut,
1603 2933 1639 2964 in
1656 2934 1698 2967 R.

266 2985 278 3006 4
304 2988 532 3028 quantitatem,
552 2988 591 3019 R.
785 2987 799 3008 ⁵
823 2989 884 3027 H„
900 2989 939 3021 R.
1458 2987 1472 3007 ⁶
1496 2988 1611 3020 Blank
1627 2989 1664 3020 in
1681 2989 1722 3020 R.
