1889 3221
361 364 724 399 OARTULARIUM
748 363 1019 398 ABBATHIAE
1044 364 1109 396 DE
1131 364 1379 398 WHITEBY.
1544 357 1621 394 651

113 475 243 515 tatem
282 478 325 516 et
365 473 747 516 corroborationem
785 474 1115 528 quibuscunque
1164 473 1301 515 modis
1342 473 1434 515 fieri
1473 473 1631 527 poterit

112 540 315 590 faciendo,
336 554 384 582 ac
416 554 543 594 super
574 540 771 581 omnibus
803 544 845 581 et
876 541 979 595 sing.
1003 539 1195 581 articulis
1220 543 1264 581 et
1286 539 1428 581 dubiis
1459 543 1502 580 et
1532 539 1627 580 aliis

113 605 435 661 quibuscunque
456 620 532 648 nos
554 610 597 648 et
617 620 726 648 suco.
750 611 930 656 nostros,
953 606 1049 648 eccl.
1073 610 1115 647 et
1140 607 1329 647 Domum
1360 610 1563 655 nostram,
1585 610 1629 647 et

113 673 344 714 cantariam
373 672 500 727 praed.
523 672 636 713 inter
656 686 733 713 nos
755 686 807 713 ex
838 676 958 726 parte
979 686 1065 713 una
1087 675 1129 713 et
1150 673 1179 715 J
1183 672 1397 714 ohannem
1417 672 1468 713 de
1489 671 1628 725 Wyk-

112 737 214 778 ham
241 753 295 780 ex
325 739 394 781 alt.
426 742 546 793 parte
582 739 942 793 contingentibus,
974 738 1246 788 ordinationi,
1279 738 1459 788 decreto,
1489 737 1632 787 laudo,

113 804 295 855 arbitrio,
326 805 530 846 decisioni
563 809 606 847 et
637 805 886 846 diffinitioni
916 805 1022 847 Ven.
1054 805 1188 858 patris
1220 804 1308 845 d'ni
1343 804 1461 845 Will.
1493 804 1546 844 D.
1580 804 1629 845 G.

112 870 233 913 Ebor.
256 871 487 925 Archiep’i,
508 876 596 921 etc„
617 874 745 925 prout
766 871 847 912 sibi
868 871 1009 912 visum
1030 870 1173 920 fuerit,
1187 870 1320 910 immo
1337 870 1631 923 juramentum

113 937 397 991 quodcunque
432 937 477 977 in
513 937 677 978 animas
710 940 876 977 nostras
911 935 1167 990 praestando,
1203 935 1528 983 ordinationem,
1561 934 1632 975 de-

115 1006 275 1043 cretum
312 1008 402 1053 etc„
436 1003 540 1043 dicti
570 1003 675 1043 Ven.
708 1003 843 1056 patris
880 1002 1152 1056 approbando
1185 1004 1227 1043 et
1258 1000 1549 1055 omologando,
1584 1014 1632 1040 ac

112 1069 255 1109 omnia
282 1068 366 1110 alia
397 1073 440 1109 et
471 1068 639 1122 singula
668 1068 862 1109 faciendo
884 1081 979 1121 quae
1009 1067 1056 1107 in
1086 1066 1331 1121 praemissis,
1353 1070 1396 1107 et
1426 1065 1480 1107 ad
1511 1079 1560 1106 ea
1590 1068 1633 1106 et

112 1135 222 1176 circa
250 1149 299 1176 ea
326 1135 605 1189 requiruntur
635 1134 842 1183 faciendo,
864 1134 1098 1175 exercendo
1129 1136 1172 1174 et
1202 1132 1480 1187 expediendo,
1502 1131 1633 1173 etiam

112 1201 148 1242 si
178 1201 430 1242 mandatum
452 1200 624 1254 exigant
652 1200 847 1253 speciale,
869 1199 1047 1240 dilectos
1069 1198 1192 1240 nobis
1214 1199 1260 1239 in
1283 1198 1466 1246 Christo,
1488 1197 1633 1238 d'num

113 1267 229 1308 Wffl.
272 1267 323 1308 de
365 1266 527 1320 Bergh’,
560 1266 784 1307 Rectorem
825 1265 1015 1307 ecclesiae
1053 1266 1105 1306 de
1140 1265 1373 1314 Thornton,
1410 1267 1452 1305 et
1488 1264 1634 1304 d'num

112 1334 140 1374 J
145 1332 368 1382 ohannem,
385 1332 548 1373 dictum
566 1332 722 1381 Broun,
737 1331 1031 1385 Capellanum,
1048 1330 1314 1385 conjunctim
1331 1335 1374 1371 et
1390 1330 1575 1378 divisim,
1592 1332 1635 1370 et

113 1402 258 1439 utrum
279 1412 424 1439 eorum
444 1411 520 1452 per
540 1411 584 1439 se
605 1397 651 1438 in
672 1398 857 1439 solidum
879 1400 1172 1451 procuratores
1193 1400 1359 1437 nostros
1377 1396 1635 1444 ordinamus,

112 1464 292 1505 facimus
323 1467 367 1505 et
388 1463 691 1504 constituimus
712 1477 788 1517 per
807 1466 1051 1517 praesentes,
1072 1462 1372 1516 promittentes
1394 1474 1471 1501 nos
1492 1463 1635 1501 ratum

114 1530 332 1571 habituros
368 1533 411 1570 et
440 1533 611 1582 gratum
642 1529 850 1582 quicquid
880 1528 1051 1582 praefati
1082 1531 1374 1581 procuratores
1407 1526 1557 1575 nostri,
1593 1530 1636 1567 et

116 1595 245 1636 etiam
273 1608 419 1635 eorum
439 1598 619 1648 uterque
647 1608 722 1648 per
743 1607 798 1643 se,
819 1594 865 1634 in
886 1593 1118 1647 praemissis
1140 1597 1183 1634 et
1204 1607 1253 1634 ea
1274 1592 1637 1647 contingentibus,

115 1661 330 1710 duxerint,
359 1660 429 1701 vel
460 1660 643 1710 duxerit,
673 1659 930 1701 faciendum.
994 1660 1047 1700 In
1079 1659 1200 1713 cujus
1225 1673 1256 1700 r.
1287 1662 1317 1701 t.
1340 1659 1414 1713 sig.
1437 1661 1636 1699 nostrum

116 1740 265 1767 comm.
298 1725 579 1779 praesentibus
616 1725 905 1779 apposuimus.
965 1725 1131 1765 Datum
1170 1725 1218 1765 in
1253 1724 1454 1778 Capitulo
1489 1730 1635 1767 nostro

115 1792 230 1846 apud
265 1791 486 1846 Wykham
516 1791 699 1845 septimo
731 1791 799 1832 die
829 1791 988 1832 mensis
1024 1790 1297 1840 Novembris,
1325 1790 1374 1832 A.
1405 1791 1455 1834 Gr.
1491 1797 1636 1833 M00000

115 1858 318 1899 vicesimo
363 1857 501 1911 primo
518 1857 807 1910 z—nobisque,
848 1856 958 1897 d'nis
1008 1856 1126 1897 Wfll.
1169 1856 1221 1898 de
1272 1856 1422 1910 Bergh'
1464 1857 1636 1898 nomine

115 1924 404 1977 procuratorio
444 1937 519 1977 pro
560 1923 686 1977 praed.
748 1923 956 1963 Priorissa
997 1926 1041 1964 et
1075 1923 1205 1964 Conv.
1243 1922 1296 1963 de
1336 1923 1553 1977 Wykham
1594 1927 1637 1964 et

115 2003 261 2030 eorum
291 2002 401 2031 succ.
432 1990 608 2043 inperp,
639 1991 682 2030 et
712 1989 742 2030 J
745 1989 810 2030 oh.
843 1989 896 2030 de
926 1988 1146 2042 Wykham
1175 2002 1252 2042 pro
1283 2001 1328 2029 se
1360 1993 1402 2030 et
1425 1989 1524 2030 haer.
1546 1989 1636 2030 suis

114 2056 335 2097 humiliter
357 2056 647 2110 supplicantes
669 2058 711 2096 et
727 2055 939 2096 instantes
960 2058 1010 2096 ut
1026 2055 1151 2096 dictae
1167 2055 1341 2108 capellae
1357 2056 1403 2095 in
1419 2056 1635 2110 Wykham

114 2122 371 2163 erectionem
402 2126 446 2163 et
476 2121 849 2170 constructionem,
881 2121 1179 2174 dictarumque
1208 2125 1417 2162 terrarum
1448 2126 1490 2163 et
1519 2125 1637 2162 tene-

115 2190 358 2228 mentorum
394 2187 726 2242 assignationem
765 2191 858 2228 rata
892 2186 1114 2236 habentes,
1140 2187 1269 2241 juxta
1298 2188 1414 2241 piam
1445 2188 1636 2241 ejusdem

117 2255 146 2295 J
149 2253 329 2294 ohannis
359 2253 659 2302 intentionem,
679 2254 725 2293 in
745 2253 873 2306 praed.
899 2253 1075 2306 Capella
1094 2253 1141 2292 in
1162 2253 1377 2306 Wykham
1403 2253 1636 2293 cantariam

118 2321 379 2372 perpetuam,
410 2319 665 2359 auctoritate
703 2318 929 2359 diocesana
959 2318 1216 2367 ordinemus,
1249 2318 1549 2358 submittentes
1581 2331 1636 2367 se,

118 2384 328 2437 capellam
367 2384 518 2437 ipsam,
559 2384 786 2437 omniaque
827 2383 881 2424 ad
922 2383 1104 2424 eandem
1145 2384 1353 2437 capellam
1398 2385 1638 2438 spectantia

119 2449 377 2491 ordinationi
404 2453 570 2499 nostrae,
593 2453 756 2490 statuto
788 2452 830 2490 et
861 2449 1039 2499 decreto,
1061 2450 1265 2499 absolute,
1287 2455 1449 2504 sponte,
1472 2451 1637 2505 simpli-

119 2516 224 2557 citer
254 2519 297 2556 et
327 2515 595 2569 pure—Nos,
625 2515 760 2569 ipsius
791 2516 821 2557 J
824 2515 1005 2556 ohannis
1037 2515 1088 2556 de
1119 2515 1335 2569 Wykham
1366 2516 1635 2558 devotionem

119 2581 478 2629 commendantes,
519 2584 562 2621 et
600 2580 717 2634 praef.
759 2580 969 2634 capellam
1009 2581 1262 2622 auctoritate
1302 2585 1446 2623 nostra
1486 2582 1637 2623 confir—

119 2651 297 2696 mantes,
319 2646 509 2700 ejusdem
530 2646 786 2687 erectionem
808 2650 851 2687 et
872 2646 1232 2687 constructionem
1253 2651 1389 2688 ratam
1411 2652 1453 2688 et
1472 2652 1637 2701 gratam

119 2712 325 2753 habentes
357 2712 408 2753 de
443 2711 658 2765 praedicto,
690 2714 733 2753 et
768 2711 1003 2752 cantariam
1037 2712 1084 2752 in
1119 2712 1267 2753 eadem
1296 2716 1501 2766 perpetuo
1538 2727 1635 2754 con-

120 2777 335 2827 stituend„
356 2777 611 2818 auctoritate
633 2776 868 2817 diocesana·
880 2776 1082 2817 duximus
1099 2777 1396 2827 ordinandum,
1412 2777 1636 2819 decernen-

121 2844 236 2893 dum,
249 2848 293 2885 et
309 2843 606 2884 diffiniendum
622 2842 669 2883 in
682 2842 819 2883 forma
836 2842 1079 2896 subscripta
1093 2842 1216 2883 z—In
1229 2843 1379 2897 primis
1396 2844 1639 2893 statuimus,

121 2909 387 2950 decernimus
423 2912 466 2950 et
501 2909 747 2949 ordinamus
788 2908 904 2962 quod
940 2908 1148 2949 Priorissa
1183 2913 1228 2950 et
1265 2909 1394 2951 Conv.
1431 2910 1549 2951 Mon.
1586 2910 1637 2951 de

121 2976 337 3029 Wykham
377 2978 421 3016 et
460 2988 606 3017 eorum
645 2988 755 3016 succ.
793 2974 954 3029 inperp.
991 2974 1220 3016 inveniant
1255 2975 1360 3017 duos
1396 2976 1639 3030 capellanos

122 3040 253 3082 missa
293 3045 336 3083 et
375 3040 459 3082 alia
499 3040 637 3083 officia
677 3039 825 3082 divina
864 3044 1071 3095 perpetuo
1112 3040 1396 3083 celebraturos
1437 3041 1482 3082 in
1527 3041 1641 3082 dicta
