1889 3221
233 318 314 355 630
482 325 841 358 OARTULARIUM
867 325 1135 357 ABBATHIAE
1161 326 1225 358 DE
1249 326 1496 359 WHITEBY.

231 435 402 489 cipuam
438 449 523 488 qua
556 438 743 476 errantes
776 447 972 475 revocare
993 438 1188 476 tenemur
1209 449 1233 476 a
1253 435 1389 483 devio,
1420 439 1462 476 et
1493 435 1547 476 ad
1582 438 1745 476 statum

233 501 386 541 salutis
423 500 651 542 salubriter
684 500 886 541 reducere
926 504 1180 554 peccatores,
1256 501 1563 543 Oonvertentes
1599 501 1745 555 itaque

230 566 439 607 intuitum
475 566 528 607 ad
564 566 851 607 miserabilem
886 569 1049 607 statum
1078 566 1299 608 Francisci
1333 567 1385 607 de
1417 566 1598 616 KiHum,
1634 580 1746 608 com-

232 632 430 673 monachi
451 632 593 681 vestri,
614 632 700 686 qui,
721 632 882 686 fragilis
905 632 1043 673 carnis
1065 632 1265 687 deceptus
1287 633 1519 683 blanditiis,
1541 647 1585 674 se
1613 647 1749 687 nuper

232 697 505 739 dissolutioni
552 698 761 752 exposuit,
802 698 1039 752 habituque
1079 699 1263 753 regulari
1303 703 1461 740 temere
1501 699 1687 749 dimisso,
1723 713 1748 739 a

232 763 493 804 Monasterio
524 763 617 817 ipso
648 764 862 814 recedens,
883 768 1001 805 veste
1032 765 1225 805 saeculari
1255 768 1486 819 assumpta,
1516 765 1563 806 in
1593 765 1748 806 saeculo

231 843 305 883 per
341 829 485 883 aliqua
516 834 707 883 tempora
739 830 981 884 vagabatur,
1014 845 1067 872 ex
1097 831 1254 884 quibus
1286 831 1426 872 labem
1457 831 1671 873 contraxit
1701 831 1748 871 in

232 895 374 936 anima
390 898 433 936 et
448 896 652 950 regularis
666 896 910 937 traditionis
927 897 1244 937 observantiam
1266 897 1510 947 maculavit,
1526 897 1749 951 apostatiae

231 961 406 1014 insuper
442 966 587 1002 notam
625 966 667 1003 et
698 961 869 1015 majoris
911 963 1365 1004 excommunicationis
1397 963 1653 1004 sententiam
1682 963 1749 1003 in-

232 1027 450 1077 currendo,
491 1027 622 1068 saluti
662 1028 853 1081 ejusdem
893 1031 1089 1082 prompte
1124 1029 1364 1082 prospicere
1404 1029 1659 1078 curavimus,
1695 1042 1749 1070 ne

232 1106 375 1133 errans
398 1093 488 1134 ovis
509 1093 601 1134 sine
618 1094 701 1134 fine
723 1097 880 1147 pereat,
897 1099 939 1135 et
961 1094 1133 1148 sanguis
1155 1095 1346 1148 ejusdem
1366 1108 1391 1135 a
1411 1095 1592 1148 pastoris
1613 1095 1750 1135 mani-

231 1158 311 1199 bus
352 1159 602 1212 requiratur.
679 1159 813 1200 Vobis
863 1159 995 1213 igitur
1035 1160 1342 1201 committimus
1394 1164 1436 1202 et
1484 1160 1749 1210 mandamus,

233 1223 437 1277 quatinus
468 1225 697 1278 praefatum
728 1225 1081 1266 commonachum
1112 1230 1304 1267 vestrum
1335 1226 1388 1267 ad
1409 1240 1484 1267 vos
1515 1226 1562 1267 in
1592 1226 1746 1281 spiritu

232 1289 414 1330 contrito
436 1292 478 1330 et
498 1289 653 1331 humili
674 1290 937 1341 redeuntem,
959 1291 996 1332 si
1027 1291 1145 1332 aliud
1167 1292 1421 1332 canonicum
1441 1306 1526 1332 non
1558 1292 1749 1341 obsistat,

233 1354 352 1395 salva
392 1355 439 1395 in
470 1356 667 1397 omnibus
704 1357 929 1398 honestate
960 1357 1242 1398 observantiae
1276 1357 1491 1412 regularis,
1522 1358 1572 1398 ad
1606 1358 1750 1399 sinum

232 1420 532 1462 misericordiae
546 1422 786 1463 admittatis
805 1423 928 1476 eique
946 1423 1036 1477 ejus
1054 1423 1505 1464 excommunicationis
1527 1425 1750 1465 sententiae

232 1487 279 1527 in
301 1487 436 1528 forma
453 1488 562 1541 juris
584 1488 867 1529 absolutionis
889 1489 1145 1530 beneficium
1172 1490 1442 1544 impendatis,
1465 1493 1507 1531 et
1528 1504 1602 1544 pro
1624 1490 1749 1531 modo

235 1552 382 1593 delicti
405 1553 496 1607 ejus
528 1554 764 1595 secundum
788 1555 1023 1609 regularem
1055 1555 1327 1609 disciplinam
1347 1555 1583 1610 injungatis
1613 1557 1750 1610 poeni—

229 1619 411 1659 tentiam
433 1619 676 1662 salutarem.
730 1621 895 1662 Valete.
956 1622 1120 1662 Datum
1137 1622 1250 1676 apud
1268 1622 1436 1671 Oawod,
1451 1622 1496 1663 iv
1513 1622 1617 1663 Idus
1638 1622 1668 1663 J
1673 1622 1750 1663 ulii

232 1685 513 1727 Pontificatus
536 1686 673 1727 nostri
696 1686 825 1727 Anno
848 1691 1012 1741 quarto.

664 1852 870 1893 DXCIX.
904 1852 1179 1907 (Goenefielcl,
1203 1854 1312 1907 93¹0.)

290 1949 537 1990 Willelmus
552 1953 628 1991 etc.
644 1950 812 1992 dilectis
826 1952 926 1993 filiis
933 1952 1095 1993 Abbati
1109 1957 1151 1994 et
1166 1953 1296 1995 Conv,
1306 1954 1458 1994 Mon'ii
1472 1954 1523 1994 de
1530 1954 1748 2009 Whiteby,

233 2029 278 2064 s.,
318 2029 377 2069 gr.
420 2018 462 2056 et
502 2016 856 2058 benedictionem.
936 2019 1057 2060 Inter
1097 2019 1411 2061 sollicitudines
1451 2020 1748 2063 incumbentes

232 2081 356 2121 nobis
377 2080 505 2122 officii
525 2082 750 2135 pastoralis
781 2083 891 2124 illud
912 2085 1179 2138 praecipuum
1199 2098 1290 2126 esse
1311 2085 1522 2127 credimus
1543 2090 1592 2127 ut
1611 2088 1748 2141 gregis

233 2146 452 2188 Dominici
472 2147 595 2188 nobis
617 2148 768 2189 crediti
789 2154 976 2191 errantes
999 2164 1098 2192 oves
1128 2151 1175 2191 in
1198 2151 1404 2205 [illeyz'ble]
1427 2152 1481 2192 ad
1501 2153 1601 2194 vitae
1621 2154 1749 2203 viam,

233 2212 484 2266 priusquam
504 2212 551 2253 in
571 2213 835 2266 profundum
855 2215 1065 2256 malorum
1085 2216 1350 2270 proveniant,
1381 2217 1628 2259 studeamus
1658 2222 1749 2260 toto

233 2277 390 2318 inentis
421 2279 643 2319 conamine
673 2293 880 2322 revocare.
942 2281 1052 2322 Cum
1081 2281 1227 2335 itaque
1255 2282 1429 2324 fratrem
1460 2283 1666 2324 Thomam
1696 2284 1748 2325 de

235 2343 480 2393 Schirburn‚
500 2345 759 2386 monachum
789 2346 835 2386 in
866 2347 1026 2388 Mon'io
1048 2347 1101 2388 de
1133 2347 1286 2401 Seleby
1306 2348 1555 2402 professum,
1586 2349 1749 2391 dudum

234 2409 280 2448 in
301 2409 449 2450 eodem
466 2410 626 2451 Mon'io
648 2411 906 2453 visitationis
923 2412 1109 2453 officium
1130 2418 1383 2465 exercentes,
1400 2416 1748 2469 comperissemus

234 2474 280 2514 in
310 2475 527 2528 aliquibus
559 2476 788 2517 excessisse
809 2482 956 2518 contra
986 2478 1054 2519 sui
1084 2479 1244 2520 ordinis
1276 2479 1559 2533 disciplinam,
1581 2481 1748 2535 sibique

234 2542 410 2593 paterno
446 2541 754 2595 compatientes
791 2543 947 2584 affectu
986 2544 1033 2584 in
1065 2558 1142 2585 suo
1175 2545 1336 2586 Mon'io
1372 2546 1426 2586 ad
1458 2546 1747 2600 expiationem

235 2605 556 2647 commissorum
597 2611 640 2648 et
679 2608 892 2649 cautelam
924 2609 1099 2663 insuper
1134 2610 1376 2651 futurorum
1411 2611 1747 2665 injunxissemus

235 2670 373 2711 eidem
410 2684 509 2712 cum
541 2672 828 2714 moderamine
862 2674 1006 2715 debito
1041 2675 1343 2728 poenitentiam
1378 2676 1619 2725 salutarem,
1654 2677 1747 2730 ipse

235 2735 418 2787 quadam
456 2737 590 2777 animi
629 2737 809 2779 levitate
839 2739 1018 2780 nimiam
1057 2740 1218 2781 habens
1254 2740 1455 2781 fiduciam
1487 2741 1533 2780 in
1570 2753 1746 2782 consan-

232 2799 399 2852 guineis
431 2806 474 2842 et
502 2803 768 2857 propinquis,
804 2804 928 2858 quasi
962 2818 1126 2858 ponens
1155 2805 1324 2846 carnale
1354 2805 1576 2846 brachium
1607 2819 1747 2857 suum,

233 2865 400 2917 abJ'ecto
416 2867 519 2921 jugo
542 2869 795 2910 obedientiae
817 2873 859 2910 et
879 2870 1017 2923 ruptis
1034 2870 1219 2911 vinculis
1237 2870 1517 2911 observantiae
1538 2871 1744 2925 regularis

231 2943 255 2969 a
285 2942 362 2970 suo
394 2930 554 2972 Mon'io
584 2932 695 2973 clam
726 2934 911 2984 recessit,
929 2935 1105 2988 jamque
1126 2935 1210 2975 fuit
1230 2934 1275 2974 in
1307 2935 1464 2976 saeculo
1494 2949 1570 2990 per
1600 2936 1745 2991 aliqua
