1889 3221
274 337 355 374 642
515 342 875 376 OARTULARIUM
900 343 1170 376 ARBATHIAE
1196 344 1260 377 DE
1284 344 1532 377 WHITEBY.

271 457 428 503 menta,
449 457 538 494 tam
555 453 607 493 de
624 452 870 506 calumpnia
886 466 1015 506 quam
1031 453 1082 494 de
1099 453 1280 495 veritate
1297 453 1486 503 dicenda,
1504 458 1547 494 et
1564 454 1785 508 quodlibet

272 518 390 559 aliud
410 532 544 572 genus
564 518 673 559 liciti
695 518 949 559 sacramenti
970 518 1017 558 111
1037 519 1225 559 animam
1249 532 1392 561 meam
1421 519 1666 573 praestandi,
1687 532 1783 573 pro—

271 584 556 638 positionibus
587 589 630 625 et
655 584 1060 639 interrogationibus
1092 585 1285 640 ejusdem
1316 586 1455 627 Patris
1487 585 1784 639 respondendi,

271 650 463 691 defectus
486 649 755 703 corporisque
775 650 860 691 mei
882 650 1148 691 debilitatem
1170 655 1213 692 et
1240 651 1459 692 adversam
1481 650 1785 700 valetudinem,

271 730 319 757 ac
341 729 607 769 quaecunque
628 716 713 756 alia
733 716 1039 770 impedimenta
1058 716 1278 770 probandi,
1296 730 1343 758 ac
1361 717 1568 771 dignitate
1584 719 1627 757 et
1648 716 1784 757 officio

271 782 466 832 Abbatis‚
501 781 619 823 omni
653 782 782 823 etiam
808 782 897 836 juri
928 785 970 823 et
1003 782 1263 836 possessioni
1293 782 1340 822 in
1373 783 1445 832 eis,
1476 796 1552 824 seu
1582 782 1784 836 qualiter-

272 861 441 901 cunque
481 847 534 888 ad
575 861 657 897 eas,
697 851 773 888 aut
813 847 867 888 ad
907 861 967 897 ea,
1007 847 1116 888 mihi
1155 848 1508 901 competentibus,
1549 847 1785 889 secundum

273 914 598 963 ordinationem,
627 914 817 964 laudum,
849 918 892 955 et
922 914 1087 955 dictum
1116 914 1312 968 praedicti
1339 914 1608 955 Venerabilis
1638 914 1784 968 patris,

273 980 360 1019 d’ni
390 980 512 1021 Ebor.
534 979 763 1034 Archiep’i,
792 980 970 1021 cedendi
995 984 1038 1021 et
1067 980 1355 1029 renuntiandi,
1376 993 1425 1021 ac
1456 980 1599 1020 omnia
1629 980 1712 1021 alia
1742 983 1785 1020 et

273 1045 441 1099 singula
476 1045 672 1096 faciendi,
709 1046 840 1087 etiam
875 1046 912 1087 si
948 1046 1199 1087 mandatum
1235 1046 1409 1100 exigant
1446 1045 1639 1099 speciale.
1700 1045 1783 1086 Pro

272 1111 432 1152 eisdem
471 1125 570 1152 vero
619 1111 960 1165 procuratoribus
1001 1111 1120 1161 meis,
1170 1115 1212 1152 et
1262 1125 1406 1153 eorum
1456 1112 1782 1165 quibuscunque

273 1177 450 1227 duobus,
481 1191 586 1231 quos
616 1181 845 1232 praesentes
877 1191 967 1219 esse
997 1177 1234 1232 contigerit,
1264 1191 1354 1219 rem
1389 1182 1527 1219 ratam
1561 1177 1710 1218 haberi
1739 1180 1783 1218 et

269 1243 511 1297 judicatum
541 1243 661 1293 solvi,
682 1243 761 1284 sub
791 1243 1004 1297 ypotheca
1033 1257 1175 1284 rerum
1205 1243 1257 1284 ad
1289 1257 1357 1284 me
1388 1246 1431 1284 et
1452 1243 1782 1297 quibuscunque

273 1309 413 1350 causis
463 1309 818 1363 qualitercunque
868 1309 1193 1363 pertinentium,
1232 1309 1438 1363 promitto
1479 1313 1522 1350 et
1563 1309 1782 1350 cautiones

272 1388 448 1428 expono.
509 1375 673 1415 Datum
700 1375 747 1415 in
767 1375 1030 1416 Monasterio
1061 1378 1205 1416 nostro
1232 1375 1346 1429 apud
1367 1374 1575 1429 Whiteby
1595 1374 1657 1415 vii
1678 1374 1782 1415 Idus

273 1441 395 1491 Julii,
416 1441 465 1481 A.
489 1440 538 1481 G.
561 1445 704 1482 M0ccc⁰
724 1441 928 1482 vicesimo
950 1441 1147 1482 secundo.

332 1508 456 1557 Item,
486 1507 736 1548 Venerabili
770 1507 817 1547 in
848 1507 1018 1548 Christo
1054 1507 1167 1561 patri
1197 1509 1240 1548 et
1270 1507 1379 1557 d'no,
1409 1507 1520 1547 D'no
1551 1505 1784 1555 Willelmo,

272 1574 323 1613 D.
343 1573 392 1614 G.
415 1577 506 1623 etc„
529 1573 775 1614 Conventus
806 1573 959 1613 Mon'ii
980 1573 1032 1614 de
1054 1573 1271 1627 Whiteby,
1294 1573 1465 1614 Ordinis
1487 1572 1526 1613 S.
1549 1571 1783 1620 Benedicti,

272 1639 573 1689 obedientiam,
593 1640 887 1689 reverentiam,
909 1644 951 1680 et
971 1639 1185 1680 honorem.
1247 1638 1467 1680 Noveritis
1489 1637 1603 1692 quod
1634 1637 1780 1678 audito

273 1720 298 1746 a
319 1705 578 1759 quibusdam
609 1705 722 1759 quod
743 1705 1015 1746 Venerabilis
1038 1705 1115 1755 vir,
1139 1706 1271 1746 frater
1300 1705 1485 1746 Thomas
1517 1704 1568 1745 de
1598 1704 1782 1753 Malton,

271 1772 415 1812 Abbas
445 1772 581 1812 nostri
612 1772 841 1821 Monast'ii,
871 1772 945 1826 qui
980 1772 1188 1812 hactenus
1224 1772 1272 1812 in
1300 1771 1484 1812 Abbatis
1520 1770 1655 1811 officio
1691 1772 1781 1810 tam

270 1837 543 1878 laudabiliter
564 1851 693 1890 quam
723 1837 879 1878 valiter
909 1850 953 1878 se
984 1838 1166 1891 gerebat,
1198 1837 1425 1878 attendens
1455 1840 1601 1877 tamen
1632 1835 1782 1877 debili-

270 1905 404 1943 tatem
424 1903 491 1943 sui
508 1903 694 1956 corporis
716 1906 759 1943 et
775 1903 997 1943 adversam
1012 1902 1319 1952 valetudinem,
1335 1906 1425 1943 tam
1443 1916 1496 1943 ex
1511 1905 1635 1956 gutta
1651 1914 1781 1954 quam

269 1968 397 2009 senili
427 1971 552 2009 aetate
582 1981 660 2008 sua
688 1968 1000 2021 provenientes,
1032 1971 1074 2008 et
1104 1968 1352 2008 affectantes
1387 1967 1619 2007 utilitatem
1645 1967 1780 2007 nostri

271 2033 502 2083 Monast’ii,
524 2033 670 2074 cedere
700 2033 889 2074 intendit
913 2033 1114 2087 dignitati
1135 2036 1178 2073 et
1199 2033 1335 2073 officio
1358 2032 1539 2073 Abbatis
1561 2032 1782 2073 Monast'ii

270 2098 487 2148 antedicti,
517 2098 755 2139 secundum
784 2101 971 2139 vestram
1003 2097 1311 2139 ordinationem
1345 2101 1621 2151 vestrumque
1654 2097 1779 2138 bene-

268 2165 473 2219 placitum
515 2168 558 2205 et
593 2178 816 2206 assensum
834 2165 992 2205 :—Nos
1031 2164 1279 2205 Conventus
1319 2164 1560 2218 praedictus,
1600 2163 1779 2204 dilectos

269 2231 391 2273 nobis
431 2231 478 2271 in
519 2230 690 2272 Christo
730 2230 881 2271 fratres
923 2230 1158 2271 Radulfum
1208 2230 1261 2271 de
1309 2229 1529 2284 Ellardby,
1578 2228 1780 2279 Priorem,

268 2298 475 2339 Thomam
515 2297 568 2338 de
609 2297 773 2338 Garton
809 2301 852 2338 et
886 2296 1075 2337 Alanum
1115 2296 1168 2337 de
1208 2296 1418 2350 Malteby,
1454 2295 1778 2337 commonachos

269 2364 459 2418 ejusdem
495 2363 727 2412 Monast'ii,
761 2365 1055 2416 procuratores
1096 2365 1275 2412 nostros,
1314 2366 1357 2403 et
1397 2361 1572 2402 nuntios
1612 2364 1778 2402 nostros

268 2429 473 2484 speciales
503 2429 762 2479 ordinamus,
794 2429 973 2469 facimus
1010 2431 1053 2469 et
1088 2428 1391 2469 constituimus
1427 2441 1502 2481 per
1535 2430 1778 2480 praesentes,

267 2496 417 2536 dantes
458 2498 501 2536 et
535 2494 815 2536 concedentes
847 2494 1007 2535 eisdem
1037 2493 1311 2547 conjunctim,
1348 2496 1390 2534 et
1431 2506 1576 2534 eorum
1611 2491 1777 2532 duobus

268 2561 606 2614 quibuscunque,
637 2573 742 2614 quos
772 2562 1005 2613 praesentes
1037 2572 1128 2600 esse
1159 2558 1395 2612 contigerit,
1425 2571 1500 2611 per
1531 2571 1574 2598 se
1604 2556 1777 2597 divisim

267 2626 314 2666 in
345 2626 540 2675 solidum,
570 2625 632 2666 ita
663 2625 777 2679 quod
813 2638 899 2665 non
931 2625 987 2665 sit
1017 2624 1166 2665 melior
1196 2623 1385 2664 conditio
1417 2623 1667 2676 occupantis
1700 2635 1776 2662 seu

267 2691 580 2744 occupantium,
608 2694 673 2731 set
703 2703 752 2730 ea
777 2703 873 2744 quae
902 2703 979 2743 per
1009 2689 1144 2730 dictos
1175 2692 1260 2730 tres
1292 2688 1566 2741 conjunctim,
1597 2690 1673 2727 aut
1701 2700 1777 2739 per

267 2757 374 2797 duos
403 2757 594 2810 ipsorum
624 2756 797 2809 incepta
825 2755 986 2796 fuerint
1016 2755 1091 2795 alii
1112 2754 1196 2795 duo
1227 2753 1472 2807 quicunque
1494 2766 1638 2793 eorum
1669 2765 1775 2805 quos

267 2821 491 2874 contigerit
503 2825 730 2875 praesentes
747 2834 837 2862 esse
853 2834 901 2861 ea
917 2820 1116 2874 persequi
1132 2819 1304 2860 valeant
1320 2822 1362 2859 et
1382 2817 1516 2866 finire,
1535 2817 1775 2871 generalem

266 2891 521 2940 potestatem
535 2891 578 2927 et
594 2886 774 2940 speciale
795 2886 1057 2934 mandatum,
1079 2898 1155 2925 nos
1177 2888 1219 2924 et
1239 2882 1549 2923 Monasterium
1569 2886 1775 2932 nostrum,

266 2953 378 2993 bona
417 2956 572 3000 nostra,
612 2955 701 2991 tam
741 2951 917 2992 mobilia
957 2964 1087 3004 quam
1136 2948 1386 2998 immobilia,
1426 2952 1470 2990 et
1518 2949 1774 2990 nominatim

264 3016 502 3058 manerium
543 3017 594 3057 de
639 3016 863 3066 Eskedale,
902 3016 1077 3064 fructus,
1119 3014 1322 3064 redditus,
1358 3017 1400 3055 et
1440 3019 1675 3068 proventus
1716 3015 1769 3055 ad
