1889 3273
265 354 347 390 380
513 361 872 394 CARTULARIUM
898 361 1167 393 ABBATHIAE
1194 361 1258 392 DE
1283 360 1531 392 WHITEBY.

864 543 1178 585 CCCCXXIV.

324 658 436 713 (33¹³)
480 660 583 701 Haec
624 660 853 701 indentura
894 660 1006 701 faeta
1048 661 1162 714 apud
1204 660 1408 713 Whiteby
1450 661 1519 701 die
1560 658 1774 700 dominica

264 726 457 779 proxima
485 730 584 767 ante
606 726 765 767 festum
792 726 1070 768 Asoensionis
1099 726 1290 776 Domini,
1312 727 1437 767 Anno
1466 740 1522 781 gr.
1546 725 1774 766 millesimo

265 792 561 833 trecentesimo
597 793 800 834 vicesimo
837 793 1000 846 quinto,
1033 794 1146 834 inter
1176 793 1310 847 Relig.
1342 793 1455 833 viros
1491 793 1703 833 Abbatem
1734 794 1777 831 et

267 857 396 898 Oonv,
426 858 478 899 de
509 858 728 912 VVhiteby,
761 873 813 899 ex
839 864 957 912 parte
985 873 1080 908 una,
1103 864 1145 900 et
1172 859 1414 900 XValterum
1441 859 1492 899 de
1520 855 1775 912 Boyntonal

265 923 316 963 de
347 923 565 973 Aeklonie‚
587 939 639 965 ex
661 925 805 974 altera,
825 929 1008 965 testatur
1040 925 1154 978 quod
1185 938 1280 965 611111
1303 925 1418 965 1(16111
1439 924 1655 965 Walterus
1677 937 1776 965 oon-

264 990 390 1029 eessit
422 1003 465 1030 se
502 990 636 1031 teneri
665 994 706 1031 et
740 991 974 1044 obligatum
1002 1005 1090 1031 esse
1124 1005 1199 1045 pro
1232 1004 1275 1032 se
1301 996 1343 1031 et
1370 991 1467 1031 haer.
1501 991 1588 1031 suis
1617 991 1659 1030 in
1690 1004 1775 1030 uno

265 1069 406 1096 annuo
428 1056 597 1096 redditu
615 1057 804 1110 quinque
822 1057 1053 1097 solidorum
1072 1057 1234 1111 argenti
1249 1062 1432 1098 exeunte
1451 1057 1501 1098 de
1516 1057 1775 1111 quibusdam

264 1121 352 1161 t'ris
375 1126 417 1162 et
439 1123 695 1163 tenementis
719 1137 813 1176 quae
828 1128 945 1163 tenet
962 1123 1012 1164 de
1036 1123 1194 1164 eisdem
1217 1124 1261 1163 in
1285 1124 1490 1177 Roueeby
1505 1123 1550 1163 in
1569 1123 1775 1175 Whiteby

265 1186 473 1227 Strande²
505 1187 664 1228 eisdem
685 1188 848 1228 Abbati
874 1192 916 1229 et
946 1189 1188 1230 Conventui
1220 1192 1262 1230 et
1284 1203 1461 1230 success.
1485 1190 1572 1230 suis
1601 1189 1777 1242 inperp.‚

264 1252 317 1292 ad
348 1253 580 1293 terminum
609 1254 893 1303 Pentecostes,
926 1255 1039 1308 apud
1071 1255 1276 1308 Whiteby
1305 1255 1530 1296 annuatim
1562 1254 1777 1304 solvendo,

264 1318 338 1371 qui
359 1319 533 1371 quidem
563 1320 754 1361 redditus
777 1321 955 1361 diversis
977 1321 1100 1362 annis
1124 1321 1277 1375 elapsis
1300 1336 1323 1362 a
1344 1326 1455 1362 retro
1478 1321 1668 1363 extiterit
1690 1334 1777 1361 non

263 1384 629 1427 solutus—Iidem
650 1386 796 1427 Abbas
829 1390 871 1428 et
902 1387 1030 1428 Conv.
1054 1391 1270 1441 gratanter
1301 1393 1343 1428 et
1374 1388 1555 1442 benigne
1586 1388 1777 1428 fatentur

263 1454 305 1490 et
327 1451 565 1492 concedunt
587 1453 769 1493 eundem
799 1453 1039 1494 VValterum
1066 1454 1153 1494 fore
1185 1454 1380 1507 quietum
1403 1458 1446 1495 et
1467 1454 1695 1494 liberatum
1724 1454 1776 1494 de

262 1516 460 1557 omnibus
497 1521 538 1558 et
574 1518 755 1573 singulis
789 1519 1007 1573 arreragiis
1043 1519 1170 1573 praed.
1203 1520 1394 1560 redditus
1431 1533 1600 1574 quoquo
1651 1519 1775 1560 modo

262 1582 421 1623 eisdem
443 1583 597 1625 debitis
619 1599 642 1625 a
677 1588 867 1639 tempore
897 1599 980 1639 quo
1012 1586 1057 1626 in
1087 1586 1299 1627 solutione
1328 1586 1520 1640 ejusdem
1548 1586 1775 1627 cessaverit

261 1663 395 1703 usque
425 1650 538 1691 diem
570 1652 846 1705 praesentium
888 1653 1179 1703 confectionis,
1212 1653 1337 1693 niodo
1379 1653 1617 1707 subscripto
1636 1653 1775 1693 :—Ita

261 1716 375 1768 quod
395 1716 509 1757 idem
530 1718 745 1759 XValterus
768 1723 810 1759 et
832 1719 927 1760 haer.
943 1719 1009 1759 sui
1033 1720 1212 1774 singulis
1235 1720 1358 1761 annis
1382 1724 1424 1761 et
1444 1720 1627 1761 termino
1648 1720 1774 1774 praed.

260 1782 476 1823 redditum
499 1784 688 1838 quinque
711 1785 941 1825 solidorum
970 1786 1085 1839 apud
1115 1786 1323 1840 Whiteby
1344 1786 1568 1827 annuatim
1592 1786 1774 1827 fideliter

261 1852 303 1888 et
344 1849 532 1901 plenarie
572 1850 829 1903 persolvant,
870 1855 912 1891 et
952 1852 1111 1892 fatetur
1156 1852 1248 1893 sine
1294 1852 1578 1893 diminutione
1629 1852 1774 1905 aliqua

261 1913 512 1964 soluturum,
534 1915 585 1956 de
617 1929 700 1969 quo
722 1916 897 1970 quidem
927 1917 1099 1958 redditu
1134 1918 1292 1959 eisdem
1319 1918 1542 1972 Religiosis
1571 1918 1715 1959 debito
1750 1933 1774 1959 a

260 1982 450 2033 tempore
475 1980 592 2034 [quo]
622 1995 708 2022 non
740 1985 859 2023 extat
886 1983 1092 2023 memoria
1123 1997 1168 2024 se
1195 1997 1270 2037 pro
1301 1997 1345 2025 se
1375 1988 1416 2025 et
1446 1984 1543 2025 haer.
1568 1984 1661 2037 (34)
1684 1985 1773 2026 suis

261 2046 495 2087 attornavit
517 2047 678 2088 eisdem
698 2062 773 2102 per
794 2048 1050 2090 solutionem
1073 2049 1262 2103 quinque
1280 2049 1510 2090 solidorum
1528 2050 1579 2091 de
1593 2050 1774 2091 termino

262 2112 533 2153 Pentecostes
567 2127 678 2154 anno
710 2127 768 2168 gr.
802 2115 1058 2168 supradicto.
1132 2116 1186 2156 In
1219 2117 1341 2170 eujus
1381 2116 1442 2157 rei
1477 2117 1773 2157 testimonium

309 2219 320 2239 1
347 2220 457 2252 There
474 2220 502 2253 is
520 2231 540 2253 a
557 2221 695 2254 Walter
709 2222 750 2254 (16
765 2223 973 2266 Bovington,
993 2223 1110 2256 whose
1128 2235 1230 2256 name
1248 2235 1395 2267 appears
1421 2235 1457 2256 as
1475 2224 1619 2257 witness
1644 2228 1681 2257 to
1705 2225 1771 2258 No.

261 2277 339 2315 252,
355 2287 375 2307 a
392 2275 531 2308 eharter
548 2276 583 2308 of
600 2277 706 2309 about
731 2278 852 2310 Abbot
876 2278 1019 2321 Roger’s
1044 2279 1130 2311 time
1159 2282 1209 2320 (or
1237 2281 1459 2320 1220-1240).
1512 2280 1595 2312 This
1621 2280 1718 2320 deed,
1737 2291 1774 2312 as

261 2330 367 2363 dated
391 2331 429 2363 in
457 2333 556 2372 1325,
583 2332 781 2365 introduces
806 2345 847 2366 us
872 2336 909 2366 to
934 2334 1081 2367 another
1106 2335 1245 2367 Walter
1269 2336 1312 2367 de
1337 2335 1546 2378 Bovington.
1598 2336 1640 2367 In
1668 2337 1769 2375 1256,

261 2386 458 2419 Willelmus
487 2387 579 2420 filius
606 2388 679 2420 d’ni
713 2389 901 2431 Ingelrami
930 2390 973 2422 (16
1003 2390 1202 2433 Bovington
1231 2391 1353 2422 makes
1384 2402 1428 2423 an
1459 2394 1656 2433 agreement
1685 2391 1774 2423 with

261 2440 397 2473 Galfrid
431 2442 473 2474 (16
506 2443 655 2475 Aresum
698 2445 769 2476 and
801 2445 910 2477 Henr.
947 2445 990 2477 de
1033 2446 1203 2478 Alverton
1250 2446 1410 2486 (Charter
1450 2446 1487 2478 in
1529 2446 1772 2489 Scarborough

261 2495 449 2536 Museum).
502 2497 545 2528 In
572 2499 717 2530 another
751 2499 888 2531 eharter
917 2500 953 2532 of
980 2500 1040 2532 the
1070 2511 1164 2532 same
1191 2501 1305 2540 series,
1328 2501 1435 2533 dated
1465 2502 1563 2541 1311,
1596 2501 1691 2533 Will.
1728 2501 1772 2533 de

261 2551 457 2594 Boyngton,
478 2552 602 2585 “filius
627 2554 698 2585 d'ni
723 2554 819 2588 Will.
845 2555 888 2587 de
913 2556 1108 2599 Boyngton,
1133 2554 1290 2596 militis,'’
1315 2556 1378 2588 has
1403 2567 1521 2598 power
1545 2556 1581 2588 of
1606 2559 1771 2598 attorney

259 2606 350 2638 from
374 2609 392 2624 ‘⁶
406 2607 554 2639 Hillaria
572 2608 643 2640 filia
661 2609 800 2642 Thomae
817 2610 861 2642 de
873 2611 897 2643 J
899 2611 1046 2653 oneby‚''
1064 2611 1235 2654 touching
1251 2622 1272 2643 a
1297 2612 1431 2644 certain
1455 2614 1534 2643 rent
1559 2611 1707 2653 payable
1732 2614 1771 2643 to

259 2661 321 2693 the
339 2661 486 2703 prioress
504 2662 539 2694 of
561 2663 646 2694 Nun
664 2664 849 2704 Monkton,
870 2665 931 2697 the
957 2666 1032 2698 said
1050 2666 1206 2698 William
1231 2666 1335 2709 being
1359 2666 1540 2698 described
1565 2677 1601 2698 as
1627 2666 1771 2709 holding

261 2716 331 2748 “in
349 2717 432 2749 villa
450 2719 485 2749 et
500 2717 649 2750 t'ritorio
668 2718 710 2751 de
724 2720 871 2752 Acelum
884 2720 920 2752 in
938 2721 1161 2753 Cleveland.'’
1211 2722 1282 2753 But
1298 2722 1397 2753 there
1415 2722 1443 2754 is
1462 2722 1533 2754 also
1559 2733 1604 2754 611
1628 2722 1769 2764 Ingram

260 2771 303 2803 de
320 2771 519 2815 Bovington
536 2773 615 2805 who
632 2774 755 2806 stands
772 2786 809 2807 as
827 2775 970 2808 witness
987 2778 1024 2808 to
1050 2787 1070 2808 a
1095 2776 1182 2809 deed
1207 2777 1254 2818 by
1272 2777 1410 2808 Arnold
1434 2777 1477 2808 de
1503 2778 1614 2818 Percy
1634 2776 1683 2817 (in
1708 2776 1769 2808 the

260 2825 371 2866 Percy
388 2826 571 2868 Feodary)‚
590 2827 697 2860 dated
714 2831 751 2860 at
777 2829 919 2862 Kildale
936 2830 973 2862 in
993 2832 1092 2870 1305,
1116 2831 1185 2863 and
1210 2831 1255 2863 he
1272 2831 1301 2863 is
1326 2831 1497 2873 probably
1514 2831 1575 2863 the
1599 2831 1717 2863 father
1735 2830 1771 2862 of

258 2880 319 2912 the
342 2881 479 2912 Walter
507 2881 550 2913 de
579 2882 744 2924 Boynton
769 2883 805 2915 of
830 2884 893 2916 the
920 2888 1061 2926 present
1084 2885 1181 2925 deed,
1208 2886 1277 2918 and
1301 2886 1446 2918 brother
1471 2886 1507 2918 of
1531 2886 1593 2918 the
1610 2885 1769 2917 William

258 2935 384 2968 named
399 2947 437 2967 as
454 2947 516 2968 son
533 2936 569 2968 of
587 2937 743 2969 William
761 2938 804 2969 de
823 2939 985 2981 Boynton
1004 2940 1040 2972 in
1057 2941 1137 2972 that
1153 2941 1223 2972 last
1241 2941 1374 2973 named.

306 2988 319 3009 2
345 2990 407 3022 See
424 2990 493 3023 last
510 2991 597 3023 deed
615 2992 683 3023 and
702 2995 810 3025 notes.
