1889 3221
255 325 334 363 636
496 338 858 375 CARTULARIUM
883 343 1151 377 ABBATHIAE
1174 344 1237 376 DE
1262 344 1513 377 WHITEBY.

253 452 482 503 praemissis
512 456 778 513 injungimus
809 461 989 503 firmiter
1020 462 1295 513 observanda,
1315 465 1469 516 praeter
1488 474 1637 516 poenas
1660 459 1768 500 alias

253 529 329 569 per
348 531 424 559 nos
446 524 858 576 transgredientibus
875 527 1002 581 juxta
1019 541 1095 569 sua
1111 527 1319 569 demerita
1334 527 1598 581 infligendas.
1641 524 1766 574 Quod

254 582 293 622 si
323 583 430 626 forte
460 600 535 640 per
564 602 862 646 quemcunque
892 593 939 633 in
969 593 1112 648 aliquo
1144 593 1576 647 contrarium—quod
1597 591 1766 632 absit—-

255 647 346 688 fieri
376 653 612 707 contigerit,
633 656 679 697 id
709 658 831 699 nobis
862 659 976 701 infra
1005 673 1208 709 mensem,
1230 660 1311 700 sub
1342 659 1502 700 eisdem
1522 658 1673 712 poenis,
1692 670 1768 710 per

257 714 471 758 Abbatem
502 720 572 760 vel
603 721 794 764 Priorem
824 725 1023 767 volumus
1055 729 1097 767 et
1117 726 1389 780 praecipimus
1411 724 1611 766 nuntiari.
1672 723 1768 764 Hoc

256 779 432 834 insuper
448 790 641 827 nostrum
662 788 891 840 decretum,
909 792 963 832 ad
982 792 1067 832 Dei
1089 791 1288 832 honorem
1307 794 1350 832 et
1366 791 1499 832 vestri
1516 788 1769 830 Monasterii

258 846 492 890 utilitatem
522 852 679 895 futuris
710 860 916 909 perpetuo
946 857 1211 911 temporibus
1242 856 1568 906 observandum,
1589 854 1769 909 singulis

257 914 475 957 mensibus
497 918 651 960 saltem
672 922 805 963 semel
826 937 967 964 coram
990 924 1218 964 Conventu
1239 922 1285 963 in
1308 922 1520 976 Capitulo,
1537 921 1616 962 sub
1632 920 1770 975 poenis

258 979 497 1031 antedictis,
528 985 718 1027 seriatim
751 991 793 1028 et
829 988 1032 1030 distincte
1062 989 1337 1043 praecipimus
1368 988 1546 1029 recitari.
1607 987 1769 1028 Valete.

259 1043 423 1085 Datum
453 1050 568 1101 apud
599 1052 913 1095 Munketonam
940 1056 1068 1109 juxta
1099 1056 1265 1109 Rypon.
1296 1068 1354 1095 xv
1385 1053 1566 1094 Kalend.
1590 1053 1769 1093 Decem-

260 1109 347 1150 bris
368 1112 418 1153 A.
444 1114 492 1155 G.
516 1122 660 1158 M0ccc⁰
682 1119 895 1170 vicesimo,
917 1125 959 1162 et
981 1121 1262 1162 Pontificatus
1284 1120 1421 1161 nostri
1442 1124 1604 1173 quarto.

735 1279 853 1320 DOI.
880 1279 1080 1334 (Melton,
1101 1293 1140 1333 p.
1165 1277 1300 1333 235b.)

263 1349 474 1395 LICENTIA.
514 1367 733 1400 CONOESSA
774 1361 941 1401 ABBATI
982 1373 1033 1402 ET
1070 1362 1329 1403 CONVENTUI
1366 1372 1422 1400 DE
1457 1361 1675 1401 WmTEBY
1710 1370 1771 1403 AD

650 1436 911 1468 VENDENDAS
933 1438 1048 1468 DUAs
1069 1438 1396 1468 LIBERATIONES.

321 1500 565 1547 Willelmus
598 1511 674 1548 etc.
697 1508 864 1550 dilectis
895 1509 995 1550 filiis
1016 1509 1177 1550 Abbati
1197 1514 1240 1550 et
1262 1509 1503 1550 Conventui
1524 1508 1774 1549 Monasterii

261 1565 312 1605 de
333 1567 553 1624 Whiteby,
585 1579 662 1614 etc.
725 1574 788 1615 Ut
818 1575 865 1614 in
894 1575 1094 1628 praesenti
1126 1575 1395 1629 depressione
1427 1588 1474 1615 ac
1510 1574 1775 1622 necessitate,

262 1633 418 1684 quibus
440 1637 739 1680 modernorum
761 1640 1082 1694 dispendiorum
1103 1655 1151 1682 ac
1173 1641 1469 1682 discriminum
1491 1640 1776 1681 diversimode

262 1701 422 1741 nedum
458 1703 502 1743 in
540 1704 622 1746 hiis
658 1707 854 1759 partibus
884 1707 1189 1761 ingruentium,
1220 1707 1459 1761 quinimmo
1489 1706 1778 1748 verisimiliter

264 1767 582 1811 imminentium
598 1772 644 1812 in
664 1772 744 1813 hoc
765 1787 904 1827 regno,
925 1774 1083 1814 fluctus
1100 1773 1413 1827 dispendiosius
1431 1786 1506 1814 vos
1527 1777 1570 1814 et
1585 1777 1776 1814 vestrum

265 1836 569 1876 monasterium
586 1838 871 1891 subjecerunt,
884 1844 927 1880 et
943 1840 1099 1892 quibus
1115 1839 1302 1892 profecto
1320 1838 1625 1892 compassionis
1641 1838 1777 1892 gratia

264 1901 574 1951 perturbamur,
604 1917 679 1956 per
700 1904 990 1944 venditionem
1022 1905 1201 1944 duarum
1231 1904 1533 1944 liberationum
1561 1904 1613 1944 de
1637 1907 1777 1943 vestro

267 1966 527 2007 Monasterio
559 1968 723 2009 duobus
753 1970 945 2022 personis
976 1970 1155 2024 ydoneis
1186 1973 1229 2010 et
1263 1969 1454 2010 honestis
1490 1983 1564 2010 vos
1604 1969 1776 2023 possitis

264 2032 414 2084 juvare
450 2033 504 2073 ad
539 2047 737 2087 praesens‚
772 2035 1031 2076 inhibitione
1068 2048 1321 2089 quacunque
1353 2035 1603 2076 auctoritate
1633 2039 1778 2076 nostra

268 2098 480 2139 ordinaria
494 2099 539 2139 in
553 2101 812 2142 contrarium
825 2101 946 2142 vobis
960 2102 1073 2142 facta
1087 2101 1331 2141 nullatenus
1346 2100 1590 2150 obsistente,
1601 2101 1778 2141 liberam

269 2163 389 2204 vobis
410 2164 562 2205 harum
583 2167 689 2206 serie
712 2167 983 2208 concedimus
1005 2167 1257 2207 facultatem
1279 2166 1381 2207 dum
1401 2169 1545 2206 tamen
1566 2166 1619 2207 ad
1634 2166 1777 2206 minus

270 2230 400 2270 vestri
436 2230 709 2284 dispendium
745 2232 905 2273 dictam
936 2233 1147 2285 jacturam
1184 2245 1232 2272 ac
1264 2231 1554 2273 venditionem
1587 2245 1674 2272 non
1705 2245 1779 2285 po-

269 2296 437 2337 tueritis
469 2297 592 2337 aliter
622 2297 845 2348 declinare,
866 2312 993 2351 super
1024 2312 1107 2352 quo
1138 2301 1298 2339 vestras
1329 2297 1609 2338 conscientias
1641 2311 1780 2338 coram

270 2361 494 2402 Altissimo
516 2376 751 2404 oneramus.
812 2363 975 2405 Valete.
1035 2364 1200 2404 Datum
1221 2362 1334 2416 apud
1355 2362 1495 2416 Thorp
1511 2376 1640 2417 prope
1657 2363 1779 2403 Ebor.

271 2440 299 2466 v
336 2427 440 2467 Idus
474 2428 623 2468 Martii
658 2428 709 2468 A.
745 2429 794 2470 G.
833 2434 978 2470 M⁰ccc⁰
1013 2428 1217 2469 vicesimo
1253 2432 1296 2468 et
1333 2428 1612 2469 Pontificatus
1649 2428 1781 2468 nostri

271 2496 432 2545 quarto.

748 2593 890 2634 Dori.
913 2577 1173 2646 ‘(Me1t0n,f.
1201 2592 1319 2644 238.)

274 2674 510 2715 SUBMISSIO
550 2685 611 2714 AD
654 2685 955 2715 ORDINANDUM
995 2684 1075 2714 PRO
1117 2684 1253 2714 STATU
1293 2683 1473 2713 FRATRIS
1514 2673 1684 2713 THOMAE
1724 2682 1780 2711 DE

390 2740 593 2790 MALTON‚
614 2740 809 2780 ABBATIS
830 2751 886 2780 DE
900 2741 1132 2788 WHITEBY,
1145 2749 1355 2781 VOLENTIS
1372 2748 1538 2778 CEDERE
1553 2747 1707 2778 STATUI
1728 2748 1780 2777 ET

391 2816 616 2846 DIGNITATI
639 2817 743 2846 SUIS.

333 2887 385 2926 In
417 2887 500 2927 Dei
530 2887 714 2937 nomine,
734 2888 885 2928 Amen.
948 2887 1056 2928 Cum
1090 2885 1296 2940 Religiosi
1327 2885 1420 2933 viri,
1440 2884 1570 2924 frater
1599 2883 1781 2925 Thomas

274 2952 323 2992 de
347 2951 525 3000 Malton,
539 2952 682 2992 Abbas
705 2952 956 2993 Monasterii
977 2952 1028 2992 de
1050 2951 1269 3004 Whiteby,
1293 2953 1336 2990 et
1357 2949 1551 3002 ejusdem
1572 2949 1655 2989 loci
1670 2949 1780 2990 Con-
