1889 3221
386 366 743 399 OARTULARIUM
773 368 1040 400 ABBATHIAE
1071 368 1130 399 DE
1155 367 1398 401 WHITEBY.
1563 358 1643 395 485

297 509 412 550 DLI.
445 510 568 564 (147)
590 510 937 551 APPROPRIAT101
960 511 1187 551 ECCLESIAE
1209 522 1264 551 DE
1287 510 1476 551 SEMARA.

190 609 243 648 In
273 609 356 649 Dei
382 609 564 659 nomine,
587 610 739 651 Amen.
800 610 977 651 Auditis
1004 614 1046 651 et
1067 609 1299 651 intellectis
1321 608 1485 650 meritis
1509 621 1646 648 causae

130 687 204 715 seu
240 675 401 729 negotii
439 689 533 729 quae
569 689 709 716 coram
746 676 883 724 nobis,
920 676 1152 726 willelmo,
1188 675 1468 730 permissione
1500 673 1648 714 divina

129 741 386 782 Eboracensi
416 742 764 796 Archiepiscopo,
795 743 966 796 Angliae
989 744 1187 792 Primate,
1210 742 1460 783 auctoritate
1482 743 1647 794 aposto-

128 806 211 848 lica
250 809 496 849 vertebatur
541 823 666 862 super
707 809 979 850 concessione
1021 823 1095 850 seu
1141 809 1486 862 appropriatione
1527 820 1648 860 paro-

177 907 188 928 1
215 909 288 941 The
313 909 496 952 following
522 912 661 942 extract
686 910 759 942 will
784 921 882 942 serve
907 913 944 942 to
971 910 1146 942 illustrate
1164 910 1225 942 the
1243 909 1515 941 circumstances
1532 906 1646 939 under

129 964 245 996 which
271 965 343 997 this
370 965 643 1007 “appropriatio
656 965 673 979 '⁷
693 977 763 998 was
787 966 927 1008 applied
952 965 1006 997 for
1023 965 1092 997 and
1115 965 1319 1006 eventually
1337 965 1448 997 made.
1499 963 1648 1005 Copious

130 1020 304 1052 reference
322 1023 360 1053 to
377 1021 438 1053 the
456 1024 586 1054 matter
603 1022 632 1053 is
650 1021 760 1053 found
778 1022 814 1053 in
832 1021 1057 1063 Archbishop
1074 1020 1240 1052 Melton's
1258 1020 1429 1063 Register,
1448 1031 1480 1062 p.
1501 1020 1580 1050 293.

178 1107 214 1153 [“
228 1109 352 1153 King's
370 1109 476 1142 letter
491 1112 530 1143 to
548 1110 609 1142 the
629 1110 734 1152 Pope,
752 1110 902 1152 praying
920 1110 998 1142 that
1017 1110 1078 1142 the
1096 1110 1237 1141 Chureh
1255 1109 1290 1141 of
1308 1109 1459 1150 Whitby
1478 1107 1591 1150 might

562 1165 786 1207 appropriate
803 1165 864 1197 the
883 1165 1023 1197 Church
1042 1164 1077 1196 of
1096 1162 1264 1208 Semer.⁷’]

178 1238 196 1253 “
212 1236 336 1268 Rotuli
361 1236 460 1268 Rom.
481 1238 517 1268 et
539 1236 661 1269 Franc.
684 1237 788 1269 15-18
807 1236 905 1268 Edw.
926 1246 966 1268 Π.
990 1236 1030 1268 19
1047 1236 1129 1268 Jun.
1150 1236 1196 1268 Ao
1218 1235 1280 1268 16”
1301 1236 1431 1275 (1223),
1452 1245 1501 1274 or,
1520 1245 1556 1266 as
1574 1234 1603 1265 it
1621 1233 1649 1265 is

128 1291 265 1323 headed
282 1291 318 1323 in
336 1291 495 1334 Dugdale
515 1292 621 1332 (Mon.
642 1291 662 1324 i.
683 1293 752 1324 418
772 1296 801 1323 et
819 1302 896 1332 seq„
920 1291 986 1323 No.
1008 1291 1154 1332 xxxiv.),
1179 1293 1197 1308 “
1213 1291 1293 1322 Rot.
1312 1291 1412 1323 Rom.
1432 1291 1473 1322 15
1492 1289 1589 1321 Edw.
1609 1298 1646 1320 Π.

130 1358 173 1379 m.
206 1348 257 1379 10.
310 1347 441 1389 Rymer
468 1346 611 1379 Collect.
633 1358 702 1379 non
728 1348 885 1389 impress.
906 1351 990 1379 tom.
1012 1346 1059 1380 iii.
1079 1346 1103 1378 f.
1128 1348 1203 1379 193.
1253 1355 1309 1378 MS.
1331 1346 1457 1377 Donat.
1478 1345 1534 1376 Br.
1556 1345 1647 1376 Mus.

129 1401 257 1437 4578.”

181 1460 204 1474 “
215 1457 317 1499 Papae
335 1456 412 1489 Rex
430 1457 558 1489 devota
575 1457 704 1499 pedum
723 1457 841 1489 oscula
858 1457 1051 1490 beatorum.
1096 1457 1155 1488 Ad
1166 1457 1327 1488 decorem
1341 1455 1504 1488 Ecclesiae
1519 1458 1555 1487 et
1568 1455 1649 1486 vitre

130 1513 328 1544 monasticae
355 1512 548 1554 puritatem
566 1515 695 1545 nostrae
714 1512 1004 1544 considerationis
1031 1512 1191 1544 obtuitus
1209 1512 1409 1554 dirigentes,
1429 1511 1495 1543 etsi
1514 1510 1651 1542 cunctis

130 1568 203 1599 Deo
229 1568 484 1600 famulantibus
500 1568 538 1599 in
556 1568 780 1600 observantia
797 1568 948 1610 regulari
966 1567 1129 1610 prodesse
1147 1567 1317 1609 cupimus,
1337 1570 1372 1598 et
1389 1567 1426 1598 in
1445 1565 1648 1608 opportuni-

129 1623 263 1655 tatibus
293 1623 488 1662 subvenire,
521 1624 661 1656 illorum
690 1626 809 1655 tamen
837 1623 1028 1655 restaurari
1053 1622 1244 1665 deperdita,
1270 1625 1306 1654 et
1334 1621 1569 1664 depressionis
1598 1621 1650 1653 in-

130 1678 312 1711 commoda
335 1678 500 1720 reparari,
518 1678 701 1710 intentiori
727 1678 900 1710 desiderio
918 1680 1152 1721 praeoptamus
1170 1689 1256 1720 quos
1281 1689 1351 1710 non
1375 1677 1523 1720 propriae
1541 1676 1650 1719 culpae

130 1733 339 1766 demeritum
364 1734 425 1766 sed
451 1734 635 1766 servientis
660 1734 811 1766 fortunae
836 1733 1017 1766 calamitas
1043 1733 1267 1775 inopinanter
1284 1733 1471 1776 supposuit
1490 1733 1649 1775 egestati.

130 1789 218 1821 Cum
242 1789 362 1832 itaque
387 1789 640 1821 Monasterium
666 1790 709 1821 de
734 1789 916 1832 Whiteby,
946 1789 1028 1822 Ord.
1049 1789 1079 1821 S.
1100 1789 1294 1829 Benedicti,
1312 1789 1416 1821 Ebor.
1436 1788 1536 1828 dioc„
1556 1788 1650 1831 quod

128 1845 164 1876 in
190 1845 265 1877 loco
292 1847 431 1877 vastato
454 1847 490 1876 et
519 1845 630 1877 sterili
655 1845 764 1877 situm
794 1848 857 1884 est,
884 1856 945 1887 per
970 1845 1117 1877 hostiles
1143 1844 1344 1877 Scottorum
1370 1855 1562 1887 aggressus,
1590 1844 1651 1885 qui

128 1901 232 1932 villas
257 1903 293 1932 et
319 1900 458 1942 oppida,
478 1901 640 1942 bonaque
665 1900 808 1932 mobilia
832 1900 990 1942 ejusdem
1017 1899 1138 1932 Mon’ii
1162 1900 1306 1932 feritate
1322 1899 1503 1932 barbarica
1520 1899 1652 1941 pluries

129 1956 368 1997 devastarunt,
388 1967 521 1988 necnon
547 1967 609 1998 per
633 1967 851 1989 communem
866 1956 1039 1988 morinam
1057 1956 1271 1996 animalium,
1292 1959 1327 1988 et
1345 1955 1432 1987 alios
1449 1955 1649 1997 insperatos

129 2014 286 2050 eventus,
315 2012 359 2043 ad
388 2014 525 2044 tantam
552 2011 659 2054 (quod
682 2011 842 2044 dolenter
866 2012 1060 2052 referimus)
1089 2012 1243 2054 inopiam
1268 2012 1340 2053 jam
1366 2010 1528 2053 pervenit
1545 2010 1649 2052 quod,

126 2068 193 2099 nisi
217 2067 362 2100 celerius
386 2068 495 2109 ipsius
521 2067 730 2099 desolationi
755 2078 815 2109 per
838 2067 959 2109 Apost.
985 2067 1211 2099 liberalitatis
1229 2067 1488 2109 providentiam
1510 2077 1648 2098 succur-

129 2126 237 2162 ratur,
248 2134 318 2154 non
330 2122 443 2154 solum
455 2122 497 2154 de
508 2123 747 2155 subtractione
761 2123 1028 2155 elemosinarum
1040 2126 1076 2155 et
1089 2123 1237 2155 aliorum
1249 2134 1390 2164 operum
1403 2122 1562 2154 caritatis
1572 2132 1649 2163 quae

128 2178 260 2210 ibidem
277 2177 352 2209 fieri
370 2178 624 2218 consueverint,
645 2178 706 2209 sed
724 2178 831 2209 etiam
846 2178 889 2209 de
906 2178 1121 2220 dispersione
1140 2178 1388 2210 monachorum
1407 2176 1565 2218 ejusdem
1583 2176 1650 2208 loci

129 2233 368 2265 verisimiliter
384 2232 738 2265 formidatum—Nos
755 2233 963 2265 dilectorum
978 2233 1076 2265 nobis
1091 2233 1127 2264 in
1141 2233 1215 2265 Deo
1229 2232 1381 2264 Abbatis
1396 2235 1431 2264 et
1447 2232 1650 2264 Conventus

129 2288 195 2320 loci
217 2288 313 2320 illius
340 2288 538 2329 paupertati
562 2290 597 2319 et
622 2288 794 2330 angustiae
820 2287 875 2329 pio
905 2288 1159 2330 compatientes
1190 2288 1329 2327 affectu,
1357 2287 1650 2328 advertentesque

129 2344 283 2385 ipsorum
306 2343 564 2384 depressionem
587 2354 648 2384 per
665 2343 985 2385 appropriationem
1009 2344 1162 2375 ecclesiae
1193 2343 1235 2375 de
1254 2343 1402 2382 semare,
1423 2342 1525 2374 dictae
1542 2341 1647 2374 Ebor.

130 2399 230 2438 dioc„
246 2409 323 2441 quae
341 2398 384 2430 de
401 2398 555 2440 ipsorum
572 2401 761 2440 patronatu
781 2398 912 2437 existit,
930 2409 1030 2440 posse
1048 2399 1084 2430 in
1102 2399 1366 2440 praesentiarum
1384 2398 1649 2430 convenientius

130 2454 294 2497 reparari,
313 2454 502 2486 Sanctitati
527 2457 652 2485 vestrae
683 2454 811 2485 devota
834 2454 991 2495 precium
1021 2453 1190 2486 instantia
1213 2453 1449 2495 supplicamus
1472 2457 1648 2495 quatenus

132 2509 175 2541 ad
199 2509 420 2541 relevandam
445 2508 601 2550 ipsorum
627 2509 916 2550 supplicationem
940 2519 1054 2550 quam,
1077 2512 1115 2540 ut
1140 2511 1267 2540 nostrae
1285 2509 1415 2540 mentis
1433 2508 1647 2540 desiderium

131 2564 267 2606 plenius
293 2566 417 2595 vestrae
442 2563 638 2595 clementiae
656 2563 862 2603 innotescat,
882 2564 1028 2595 fecimus
1046 2563 1115 2595 hiis
1133 2564 1274 2602 includi,
1297 2564 1446 2606 gratiam
1464 2563 1649 2596 admittere

132 2618 325 2661 dignemini
348 2618 522 2661 gratiose3
550 2629 728 2660 speramus
753 2618 883 2650 etenim
906 2618 1001 2660 quod
1023 2618 1129 2650 iidem
1147 2619 1324 2661 Religiosi,
1343 2619 1404 2661 qui
1422 2619 1496 2651 sine
1514 2619 1648 2650 viribus

132 2685 201 2706 non
227 2673 397 2716 possunt'⁷
427 2674 500 2714 (the
530 2674 675 2716 reading
704 2674 787 2705 here
816 2674 846 2705 is
869 2673 1005 2715 utterly
1027 2677 1181 2716 corrupt,
1206 2674 1310 2717 being
1336 2677 1355 2691 “
1369 2674 1572 2716 adjicerent,
1597 2685 1647 2705 re—

133 2728 318 2771 surgant'')
352 2728 430 2760 “de
455 2729 630 2761 fructibus
658 2729 809 2760 ecclesiae
834 2728 1052 2770 supradictae,
1074 2729 1135 2770 qui
1165 2729 1318 2760 valorem
1345 2740 1498 2761 annuum
1524 2732 1649 2771 quater

133 2783 259 2826 viginti
284 2794 478 2815 marcarum
503 2783 751 2826 sterlingorum
775 2784 878 2824 juxta
903 2783 1120 2815 taxationem
1145 2784 1287 2815 decimae
1312 2795 1381 2816 non
1404 2784 1589 2822 excedunt,
1620 2783 1648 2814 si

134 2849 191 2870 eos
208 2838 242 2869 in
263 2838 419 2880 proprios
437 2849 520 2870 usus
538 2839 698 2880 Apostol.
720 2838 932 2870 liberalitate
950 2838 1184 2870 concedatur’'
1205 2841 1372 2881 (corrupt)
1395 2843 1416 2857 “
1429 2840 1548 2871 divino
1566 2838 1649 2870 fulti

134 2893 294 2935 praesidio
320 2904 340 2924 a
363 2896 464 2925 tanta
489 2897 654 2936 egestate,
682 2904 844 2935 processu
869 2893 1045 2934 temporis,
1065 2904 1101 2925 se
1127 2896 1265 2934 exuent,
1285 2898 1321 2927 et
1344 2895 1583 2927 incumbentia
1601 2894 1648 2925 eis

135 2959 239 2979 onera
264 2958 412 2990 congrue
431 2949 698 2990 supportabunt.
751 2949 942 2981 Conservet
968 2950 1032 2980 etc.
1086 2949 1216 2981 Datum
1237 2950 1330 2992 apud
1356 2951 1482 2993 Thorp,
1510 2951 1568 2981 xix
1592 2950 1648 2981 die

134 3002 266 3035 Junii.⁷'

196 3068 287 3098 VOL.
310 3068 352 3099 II.
1459 3071 1473 3100 I
