1889 3221
375 420 739 453 CARTULARIUM
764 419 1033 452 ABBATHIAE
1060 419 1124 451 DE
1150 419 1396 452 WHITEBY.
1559 408 1637 448 471

131 529 330 584 episcopi,
350 530 404 571 lis
425 528 570 570 mota1
600 529 761 570 Abbati
792 534 834 570 et
867 529 997 570 conv.
1021 529 1071 570 de
1103 529 1280 583 Wytebi
1311 542 1335 569 a
1365 527 1566 581 magistro
1599 530 1641 567 et

130 596 332 637 fratribus
361 596 603 650 Hospitalis
627 596 666 637 S.
689 596 819 646 Petri,
839 596 976 646 Ebor.‚
998 609 1137 636 coram
1168 596 1342 636 Decano
1365 599 1407 636 et
1430 592 1642 647 Capitulo‚

129 676 256 715 super
294 663 428 703 travis
469 676 716 703 carucarum
752 662 804 704 de
843 662 1031 716 Witeby,
1075 662 1121 701 in
1156 661 1272 702 hunc
1307 661 1481 701 modum
1523 659 1640 713 [con-

129 728 333 782 quievit]2
353 729 562 778 z—videl„
576 729 690 782 quod
713 728 817 770 dicti
831 728 976 769 Abbas
1000 731 1042 769 et
1063 727 1263 768 monachi
1284 727 1336 768 de
1357 726 1546 779 Witeby,
1566 738 1641 779 pro

128 794 259 835 travis
283 794 334 835 de
356 795 554 835 omnibus
579 794 741 835 carucis
764 795 852 835 suis
876 807 980 848 quas
1012 793 1185 842 habent,
1206 792 1276 834 vel
1306 791 1497 832 habituri
1528 795 1642 839 sunt,

129 860 298 901 solvent
311 860 490 914 singulis
505 860 627 901 annis
641 860 687 900 in
701 860 885 901 crastino
901 860 938 900 S.
948 859 1132 900 Andreae
1144 858 1476 912 Apostoli‚apud
1489 858 1639 897 Toren-

127 931 272 967 tonam
303 927 430 980 juxta
462 927 746 980 Pikeringam,
778 926 862 966 duo
893 925 1013 965 milia
1044 925 1188 965 allecis
1221 925 1323 965 boni
1358 923 1562 978 pacabilis
1593 923 1639 963 in

125 1005 241 1046 perp.
261 992 478 1046 praedictis
499 992 701 1046 magistro
727 995 770 1033 et
791 991 1124 1031 fratribus—Ita
1145 990 1259 1044 quod
1280 990 1494 1030 immunes
1516 992 1640 1029 erunt

126 1059 350 1100 memorati
371 1059 516 1099 Abbas
538 1062 580 1099 et
601 1058 799 1099 monachi
821 1071 895 1111 pro
917 1057 995 1098 hac
1028 1056 1297 1098 concessione
1320 1070 1344 1097 a
1365 1055 1638 1109 praestatione

126 1129 345 1165 travarum
366 1125 412 1165 in
432 1129 687 1178 perpetuum
707 1140 714 1165 z
746 1123 883 1164 Salvis
906 1123 1120 1177 praedictis
1142 1122 1344 1176 magistro
1371 1125 1413 1162 et
1434 1121 1637 1162 fratribus

124 1191 289 1245 integre
311 1195 353 1232 et
373 1190 564 1244 plenarie
585 1190 716 1231 travis
748 1189 800 1231 de
823 1189 983 1230 carucis
1004 1189 1228 1229 hominum
1260 1187 1404 1242 (134b)
1427 1191 1469 1228 et
1489 1191 1638 1228 tenen-

126 1257 238 1297 tium
269 1257 480 1298 dictorum
510 1256 690 1296 Abbatis
722 1260 765 1296 et
798 1255 929 1297 ConV.
953 1255 1004 1296 de
1035 1255 1222 1308 Witeby.
1287 1254 1331 1295 Si
1363 1257 1507 1294 autem
1539 1266 1636 1293 con-

124 1323 263 1377 tingat
304 1323 417 1376 quod
458 1322 623 1375 aliquas
664 1322 761 1362 t'ras
799 1321 852 1362 ad
887 1321 1055 1361 firmam
1091 1320 1295 1374 ceperint,
1330 1319 1401 1360 vel
1438 1319 1489 1360 de
1525 1333 1635 1359 novo

123 1389 415 1443 adquisierint,
437 1389 488 1429 de
510 1388 665 1442 quibus
687 1387 864 1428 bladum
887 1388 925 1428 S.
948 1387 1067 1428 Petri
1086 1386 1303 1440 percipere
1325 1388 1638 1426 consueverunt

124 1455 344 1508 saepedicti
377 1454 570 1509 magistri
605 1458 647 1494 et
683 1453 846 1502 fratres,
878 1453 928 1493 de
966 1452 1147 1506 singulis
1185 1451 1344 1492 carucis
1376 1454 1507 1491 terras
1539 1449 1635 1490 illas

124 1520 361 1561 colentibus
393 1520 580 1574 singulas
610 1523 752 1560 travas
784 1532 947 1559 annuas
977 1518 1224 1572 persolvant
1255 1517 1380 1570 praed.
1414 1516 1562 1557 Abbas
1594 1520 1636 1556 et

123 1586 333 1635 monachi,
368 1586 439 1626 vel
472 1585 575 1626 alias
612 1585 889 1626 satisfaciant.
964 1584 1021 1624 Et
1058 1597 1111 1624 ne
1148 1583 1294 1636 aliquo
1337 1595 1437 1623 casu
1473 1582 1519 1621 in
1554 1580 1635 1621 hac

123 1652 333 1693 solutione
366 1665 527 1693 cessare
561 1654 833 1705 praesumant,
871 1649 1166 1703 jurisdictioni
1206 1648 1371 1689 Decani
1414 1652 1456 1688 et
1498 1647 1634 1701 Capit.

123 1718 246 1759 Ebor.
262 1732 305 1759 se
327 1718 597 1772 subjecerunt
611 1717 828 1770 saepedicti
843 1716 989 1756 Abbas
1005 1718 1047 1756 et
1063 1715 1192 1756 Conv.
1212 1714 1263 1755 de
1284 1714 1474 1767 Wsteby,
1491 1713 1634 1767 appel-

122 1784 280 1825 latione
301 1789 473 1833 remota,
493 1787 543 1823 ut
564 1783 618 1824 ad
639 1783 719 1823 hoc
740 1782 1064 1836 compellantur.
1128 1781 1182 1820 ln
1202 1780 1330 1834 hujus
1354 1783 1498 1820 autem
1521 1793 1633 1819 com-

121 1850 345 1904 positionis
381 1851 507 1891 robur
543 1853 585 1890 et
615 1849 923 1898 testimonium,
955 1848 1166 1888 dictorum
1201 1846 1385 1886 Abbatis
1417 1850 1459 1886 et
1492 1845 1635 1894 Conv.,

122 1921 164 1957 et
196 1916 394 1971 Magistri
430 1920 471 1956 et
499 1916 695 1956 Fratrum
732 1914 984 1968 Hospitalis,
1013 1927 1179 1954 necnon
1214 1912 1379 1953 Decani
1415 1917 1457 1953 et
1494 1912 1631 1965 Capit.

121 1982 258 2031 Ebor„
291 1996 430 2023 coram
471 1982 627 2035 quibus
668 1981 758 2021 haec
799 1984 894 2022 acta
935 1983 1047 2029 sunt,
1088 1979 1188 2020 huic
1231 1992 1307 2019 scr.
1353 1977 1493 2031 sigilla
1533 1981 1635 2018 sunt

120 2048 323 2102 apposita.

120 2141 200 2173 four
224 2140 358 2172 secular
382 2139 520 2182 priests,
539 2139 636 2182 eight
661 2138 791 2177 sisters,
810 2137 927 2179 thirty
952 2136 1150 2175 choristers‚
1169 2138 1241 2167 two
1266 2134 1543 2173 schoolmasters,
1562 2137 1635 2166 two

120 2195 281 2227 hundred
299 2195 368 2227 and
386 2195 439 2226 six
456 2194 635 2233 beadmen,
651 2193 721 2225 and
740 2193 792 2224 six
809 2193 986 2231 servitors,
1003 2191 1090 2223 with
1107 2191 1208 2223 lands
1226 2190 1295 2221 ancl
1313 2192 1410 2221 rents
1428 2189 1634 2231 amounting

120 2251 157 2283 in
173 2251 235 2283 the
251 2250 365 2282 whole
382 2253 420 2281 to
433 2250 537 2287 5:500,
560 2250 629 2280 lls.
649 2245 737 2292 lssd„
757 2247 822 2279 but
840 2247 929 2279 clare
943 2246 1026 2287 only
1043 2247 1149 2284 AE362,
1172 2247 1241 2277 lls.
1265 2244 1340 2284 1³¹2d.
1392 2244 1466 2275 The
1478 2244 1544 2275 site
1563 2254 1634 2275 was

120 2305 278 2348 granted,
299 2306 342 2338 35
361 2305 483 2346 Henry
502 2313 597 2342 V111.‚
616 2306 653 2335 to
671 2303 726 2335 Sir
743 2302 916 2343 Anthony
933 2302 1060 2342 Darey,
1083 2301 1161 2338 and,
1185 2302 1205 2332 6
1224 2299 1417 2342 Elimbeth,
1436 2301 1474 2330 to
1500 2299 1634 2330 Robert

119 2361 203 2393 Earl
219 2358 627 2402 Dudley.”—(Dugdale,
655 2358 765 2397 Aion.)
817 2356 866 2389 St.
887 2355 1073 2388 Leonard’s
1100 2355 1211 2394 Plane,
1231 2354 1292 2386 the
1310 2356 1420 2385 street
1444 2363 1482 2385 so
1508 2353 1628 2392 called,

120 2427 200 2448 now
216 2415 336 2447 marks
352 2415 413 2446 the
430 2415 505 2446 site.

166 2470 179 2491 1
205 2470 267 2503 See
293 2470 357 2502 No.
378 2471 456 2509 295,
484 2469 590 2500 dated
619 2469 717 2500 1248.
769 2466 961 2508 Assuming
984 2465 1046 2497 the
1074 2464 1292 2496 “translatio
1307 2463 1326 2479 '’
1350 2462 1385 2494 of
1409 2462 1633 2505 Archbishop

118 2526 270 2557 Thomas
286 2528 324 2557 to
341 2524 384 2556 be
401 2524 462 2556 the
479 2523 715 2555 transference
734 2522 769 2554 of
785 2522 840 2553 his
857 2521 951 2563 body
969 2521 1058 2552 from
1076 2520 1122 2552 its
1140 2519 1216 2551 first
1242 2518 1486 2560 resting-place
1510 2518 1546 2549 in
1572 2519 1633 2550 the

119 2585 221 2624 crypt
239 2582 274 2613 of
291 2579 512 2620 Canterbury
530 2578 718 2610 Cathedral
735 2580 773 2609 to
790 2577 852 2609 the
870 2576 986 2608 shrine
1008 2574 1177 2617 prepared
1194 2575 1248 2605 for
1273 2574 1301 2606 it
1318 2573 1450 2605 behind
1467 2573 1528 2605 the
1545 2574 1631 2616 high

118 2638 217 2676 altar,
236 2635 352 2668 which
369 2635 457 2667 took
472 2634 571 2676 place
589 2633 624 2664 in
641 2633 703 2665 the
721 2643 805 2674 year
826 2633 915 2664 1200
943 2631 1015 2670 (the
1042 2629 1281 2662 canonisation
1305 2629 1437 2671 having
1461 2629 1631 2671 preceded

116 2692 189 2724 this
206 2694 263 2723 act
280 2691 326 2732 by
345 2690 453 2722 about
469 2692 729 2730 twenty-seven
746 2689 873 2729 years),
894 2697 946 2718 we
963 2686 1053 2717 have
1071 2696 1165 2717 some
1184 2684 1259 2716 clue
1284 2687 1321 2716 to
1346 2684 1407 2716 the
1433 2684 1553 2716 rather
1578 2685 1629 2716 in-

117 2747 259 2779 definite
277 2746 357 2778 date
374 2745 477 2788 given
495 2745 549 2776 for
567 2744 627 2776 the
642 2743 765 2775 earlier
778 2742 982 2774 settlement
1000 2740 1035 2772 of
1052 2740 1124 2772 this
1138 2739 1277 2781 (lispute
1292 2739 1408 2770 which
1422 2739 1449 2770 is
1464 2740 1631 2771 recorded

118 2803 154 2834 in
170 2803 232 2834 the
252 2804 391 2843 present
408 2801 504 2833 deed.
556 2800 591 2831 It
609 2799 680 2831 will
697 2799 740 2830 be
766 2797 933 2829 observed
958 2796 1038 2828 that
1063 2796 1128 2828 No.
1148 2797 1216 2827 295
1242 2795 1271 2826 is
1296 2795 1332 2826 in
1358 2795 1492 2826 several
1522 2796 1630 2836 parti-

119 2858 231 2890 culars
249 2867 342 2888 more
359 2856 489 2898 precise
507 2855 575 2887 and
593 2854 743 2886 definite.

169 2911 182 2932 2
207 2912 306 2944 Some
333 2911 542 2953 expression,
573 2910 659 2941 such
688 2920 725 2940 as
758 2909 867 2949 sopita
900 2911 954 2946 est,
986 2917 1024 2938 or
1056 2906 1246 2946 conquievit,
1280 2904 1310 2936 is
1339 2904 1506 2946 requisite
1538 2904 1630 2946 here,

123 2968 193 2999 and
221 2967 281 2999 the
309 2966 416 2999 latter
442 2966 470 2997 is
499 2964 684 3008 suggested
712 2963 841 3006 simply
868 2962 1014 2994 because
1040 2961 1070 2993 it
1098 2961 1127 2992 is
1156 2960 1219 2994 the
1252 2960 1348 2992 word.
1381 2959 1562 3003 employed
1595 2960 1631 2992 in

117 3023 180 3057 No,
203 3023 281 3055 295.
