1889 3221
409 355 769 388 GARTULARIUM
795 355 1065 386 ABBATHIAE
1092 355 1157 386 DE
1183 355 1429 387 WHITEBY.
1595 348 1673 384 475

161 462 298 504 adhuc
330 464 592 513 contradicit,
623 464 737 505 unde
768 463 872 504 dicit
902 464 1015 517 quod
1047 463 1325 505 deterioratus
1358 467 1432 513 est,
1456 469 1498 504 et
1529 463 1675 516 damp-

161 541 264 568 num
289 528 418 570 habet
440 530 494 570 ad
514 529 749 570 valentiam
781 528 926 570 decem
957 529 1162 570 librarum
1178 545 1187 581 3
1219 535 1261 571 et
1290 530 1391 571 inde
1414 529 1528 583 quod
1559 527 1678 569 duc'1

159 598 327 645 sectam,
349 598 426 637 etc.

216 660 271 700 Et
290 661 518 714 praedictus
535 662 564 702 J
568 661 768 711 ohannes,
785 675 860 716 per
881 663 910 704 J
913 661 1124 703 ohannem
1146 662 1338 716 Wyther,
1360 665 1511 703 attorn.
1536 675 1676 710 suum,

158 726 275 766 venit
296 731 338 768 et
369 727 562 769 defendit
593 728 682 768 vim
711 732 754 768 et
784 727 986 782 injuriam
1016 728 1186 782 quando
1216 731 1293 770 etc.
1356 728 1414 769 Et
1434 727 1539 768 dicit
1561 726 1675 780 quod

156 792 281 845 praed.
304 793 448 834 Abbas
470 799 512 835 et
533 793 776 848 praedecess.
811 794 888 843 sui,
919 794 1111 834 Abbates
1132 794 1258 847 praed.
1283 794 1394 835 Eccl.
1413 793 1463 834 de
1481 792 1673 845 Whitby,

157 871 243 898 non
263 859 437 900 fuerunt
465 860 601 901 saisiti
623 859 674 900 de
706 874 847 900 annuo
878 860 992 901 redd.
1015 860 1141 914 praed.
1165 874 1189 900 a
1210 864 1398 914 tempore
1431 860 1552 913 cujus
1574 872 1673 899 con-

107 918 110 921 ’
155 925 275 965 trarii
309 926 511 967 memoria
547 940 633 966 non
669 926 837 975 existat,
867 929 995 979 prout
1024 926 1151 979 praed.
1188 926 1334 967 Abbas
1372 926 1564 980 superius
1601 938 1675 977 per

157 991 281 1033 breve
307 996 349 1033 et
375 992 660 1033 narrationem
688 1006 764 1033 sua
786 992 1012 1045 supponit:
1043 992 1099 1033 Et
1126 992 1178 1033 de
1208 992 1288 1033 hoc
1320 992 1443 1046 ponit
1473 1005 1516 1032 se
1548 1004 1674 1044 super

157 1059 347 1111 patriani.
408 1059 464 1099 Et
498 1059 625 1113 praed.
664 1059 811 1099 Abbas
849 1058 1055 1108 similiter,
1092 1062 1168 1099 etc.
1231 1058 1334 1099 Ideo
1370 1061 1568 1112 precatus
1611 1062 1676 1097 est

157 1124 248 1165 Vic'
266 1125 379 1178 quod
402 1125 544 1166 venire
566 1125 694 1165 faciat
714 1124 784 1165 hic
806 1138 829 1165 a
851 1124 919 1165 die
951 1124 1118 1165 Sanctae
1146 1124 1381 1173 Trinitatis,
1415 1124 1461 1164 in
1491 1137 1549 1163 xv
1570 1123 1674 1172 dies,

155 1203 231 1243 per
246 1190 373 1244 jurat.
396 1191 470 1241 xii,
491 1194 581 1240 etc„
597 1191 649 1231 de
670 1189 861 1231 visneto2
883 1189 934 1231 de
957 1189 1233 1244 Skirtynbek,
1253 1204 1329 1244 per
1350 1203 1468 1244 quos,
1490 1193 1566 1231 etc.
1618 1190 1675 1229 Et

157 1256 232 1309 qui
262 1271 351 1306 nec,
384 1261 460 1298 etc.
523 1257 592 1297 Ad
622 1270 786 1310 recogn.
820 1260 896 1297 etc.
960 1256 1070 1306 Quia
1098 1261 1199 1306 tam,
1236 1260 1312 1297 etc.
1389 1256 1542 1296 Postea
1576 1268 1673 1295 con-

156 1323 324 1364 tinuato
352 1323 451 1364 inde
481 1337 681 1378 processu
712 1322 824 1363 inter
854 1325 996 1376 partes
1027 1323 1249 1376 praedictas
1281 1336 1356 1376 per
1379 1322 1542 1376 juratas
1574 1321 1673 1361 inde

156 1389 269 1430 inter
289 1404 357 1431 eos
379 1390 501 1444 posit.
523 1390 569 1430 in
590 1393 830 1443 respectum
852 1389 921 1429 hic
943 1402 1078 1442 usque
1101 1403 1124 1429 a
1146 1389 1214 1430 die
1237 1389 1276 1431 S.
1299 1388 1526 1429 Michaelis
1548 1388 1594 1428 in
1615 1401 1673 1427 xv

157 1455 269 1496 diem
302 1470 419 1509 prOX.
457 1461 717 1509 sequentem,
755 1455 839 1496 nisi
875 1455 1029 1496 Justic.
1067 1455 1170 1495 D’ni
1198 1455 1325 1509 Regis
1356 1455 1410 1495 ad
1442 1454 1593 1494 assisas
1625 1453 1674 1493 iii

158 1535 305 1563 comm.
328 1522 453 1576 praed.
479 1536 554 1575 per
584 1522 764 1562 formam
795 1521 947 1562 statuti
969 1524 1044 1561 etc.
1068 1521 1272 1574 capiend.,
1294 1521 1445 1574 assign.
1469 1520 1537 1560 die
1558 1520 1672 1559 lunae

157 1601 273 1640 prox.
299 1587 439 1641 (137b)
460 1589 578 1642 post3
610 1621 617 1628 .
651 1621 659 1629 .
692 1621 698 1627 .
733 1587 772 1627 S.
807 1587 960 1640 [Petri]
994 1587 1046 1626 ad
1068 1587 1254 1627 Vincula
1275 1586 1427 1627 ultimo
1459 1585 1673 1639 praeterito

159 1654 273 1707 apud
302 1654 424 1695 Ebor.
456 1653 574 1707 prius
606 1653 836 1702 venissent,
865 1656 940 1693 etc.
1002 1653 1059 1693 Et
1090 1653 1214 1693 modo
1243 1652 1313 1693 hic
1342 1652 1394 1693 ad
1423 1652 1538 1692 hunc
1560 1651 1672 1692 diem

159 1719 276 1760 venit
311 1724 401 1760 tam
435 1719 561 1773 praed.
600 1719 747 1759 Abbas
783 1732 911 1772 quam
948 1718 1073 1771 praed.
1109 1718 1138 1759 J
1141 1718 1329 1759 ohannes
1366 1718 1563 1766 Newark,
1599 1730 1674 1771 per

158 1789 310 1826 attorn.
332 1799 429 1826 suos
450 1785 683 1839 praedictos.
747 1784 804 1825 Et
831 1785 957 1837 praed.
979 1785 1132 1825 Justic.
1166 1785 1218 1825 ad
1251 1784 1403 1825 assisas
1435 1787 1511 1824 etc.
1534 1797 1674 1824 corani

159 1852 314 1906 quibus
336 1855 411 1893 etc.
434 1852 643 1892 miserunt
663 1851 732 1891 hic
753 1851 974 1891 recordum
1005 1864 1132 1891 suum
1153 1851 1199 1890 in
1230 1850 1319 1891 haec
1341 1850 1490 1891 verba:
1523 1850 1675 1891 Postea

159 1919 227 1960 die
249 1922 291 1959 et
317 1919 410 1959 1000
441 1918 553 1958 infra
575 1921 759 1958 content.
793 1930 934 1957 coram
966 1917 1151 1957 Roberto
1184 1916 1362 1957 TirWhit
1394 1921 1436 1957 et
1456 1915 1675 1957 Willelmo

159 1984 423 2039 Lodyngton,
444 1984 597 2025 Justio.
628 1983 730 2024 D'ni
760 1983 886 2037 Regis
907 1983 961 2024 ad
982 1983 1135 2024 assisas
1158 1983 1204 2023 in
1226 1997 1329 2024 com.
1354 1983 1467 2023 Ebor
1483 1981 1674 2036 capiend.

159 2051 323 2105 assign.,
344 2064 435 2091 ven.
468 2055 556 2091 tam
587 2050 733 2090 Abbas
765 2049 816 2090 de
838 2049 1045 2103 Whiteby
1067 2064 1196 2103 quam
1224 2049 1253 2089 J
1256 2049 1443 2105 ohannes
1474 2047 1677 2097 Newark,

160 2118 344 2158 Persona
369 2116 467 2157 eccl.
493 2116 544 2156 de
575 2115 863 2169 Skyrtynbek,
891 2114 1004 2155 infra
1035 2115 1256 2164 nominati,
1286 2128 1361 2168 per
1391 2117 1542 2154 attorn.
1575 2127 1673 2154 suos

158 2184 269 2224 infra
299 2197 410 2224 nom.
427 2199 436 2234 3
477 2186 520 2223 et
545 2182 776 2236 jur.--scil.
807 2181 1054 2222 Willelmus
1083 2182 1251 2235 Dautry
1284 2180 1335 2221 de
1364 2179 1475 2220 Ford
1506 2179 1674 2228 Sutton,

159 2249 405 2291 Willelmus
447 2249 498 2289 de
534 2249 568 2288 F
571 2251 739 2297 entona,
775 2248 804 2289 J
808 2247 996 2288 ohannes
1038 2247 1224 2295 Bulmer‚
1267 2246 1472 2294 Ricardus
1514 2246 1675 2294 Letom,

159 2316 404 2357 Wfflelmus
424 2314 720 2368 Wyrethorpe,
751 2314 779 2355 J
784 2313 972 2353 ohannes
1005 2312 1207 2366 Jakelyn,
1236 2311 1459 2351 Amandus
1494 2310 1672 2363 Coumy,

159 2381 451 2436 Ed[mund]us
484 2380 682 2433 ThWeng,
714 2378 961 2419 Willelmus
1002 2377 1187 2430 Lillyng‚
1230 2376 1442 2417 Henricus
1482 2374 1674 2424 Acclom,

160 2448 342 2489 Thomas
365 2446 416 2487 de
438 2446 683 2499 Grymston,
701 2450 743 2485 et
764 2446 793 2486 J
797 2443 984 2484 ohannes
1007 2447 1093 2483 atte
1116 2442 1244 2483 Marr'
1260 2442 1311 2482 de
1333 2441 1517 2494 Hugate‚
1534 2441 1673 2481 exacti

160 2513 357 2555 similiter
378 2526 484 2561 ven„
505 2511 581 2564 qui
611 2511 664 2551 ad
686 2510 912 2550 veritatem
933 2522 1059 2562 super
1083 2509 1193 2548 infra
1215 2507 1426 2548 contentis
1449 2506 1672 2548 dicendam

243 2613 250 2620 .
282 2578 310 2619 .4
330 2581 372 2618 et
397 2577 531 2631 jurati
552 2576 700 2617 dicunt
721 2589 848 2629 super
878 2588 1051 2616 sacram.
1084 2588 1210 2615 suum
1232 2572 1344 2627 quod
1375 2573 1501 2626 praed.
1524 2572 1671 2614 Abbas

161 2646 245 2686 fuit
275 2644 444 2685 seisitus
477 2643 528 2683 de
559 2655 700 2682 annuo
731 2641 901 2682 redditu
931 2640 1157 2681 tresdecim
1189 2639 1262 2680 sol.
1295 2642 1337 2679 et
1368 2642 1550 2692 quatuor
1577 2638 1671 2680 den.

162 2711 275 2751 unde
305 2709 416 2750 infra
436 2709 485 2749 fit
505 2708 664 2749 mentio
687 2707 822 2761 (138),
843 2711 892 2746 ut
921 2706 972 2746 de
998 2705 1093 2759 jure
1124 2705 1236 2746 Eccl.
1260 2718 1346 2745 suae
1368 2704 1406 2745 S.
1433 2703 1590 2757 Hyldae
1621 2704 1672 2745 de

161 2776 344 2829 Whitby
380 2775 535 2823 Abbas,
571 2777 613 2814 et
653 2786 798 2814 omnes
838 2771 1165 2825 praedecessores
1207 2770 1283 2817 sui,
1316 2769 1504 2810 Abbates
1545 2770 1671 2823 praed.

209 2866 220 2887 ¹
247 2867 320 2899 The
336 2866 479 2909 reading
495 2866 524 2898 is
542 2877 628 2907 very
645 2864 842 2897 uncertain.
1062 2861 1075 2882 2
1099 2862 1173 2894 The
1189 2862 1286 2894 word
1302 2862 1332 2894 is
1348 2861 1470 2903 barely
1486 2861 1623 2904 legible.

209 2922 223 2943 3
248 2922 328 2954 Left
343 2921 461 2962 blank,
479 2932 517 2953 as
534 2921 607 2952 also
624 2920 685 2953 the
703 2931 801 2952 name
819 2920 854 2952 of
871 2919 932 2951 the
953 2918 1045 2950 saint
1062 2917 1301 2959 immediately
1318 2917 1506 2959 following.

210 2975 222 2996 ⁴
248 2976 419 3018 Illegible.
