1889 3221
414 372 776 406 OARTULARIUM
803 373 1071 406 ABBATHIAE
1096 373 1162 405 DE
1185 373 1431 406 WHITEBY.
1596 365 1676 402 487

160 480 274 531 dum,
295 482 426 524 iidem
456 483 603 524 Abbas
636 486 678 524 et
710 483 853 533 Conv,
875 482 1054 537 aliaeque
1075 497 1266 537 personae
1288 483 1392 524 dicti
1414 481 1682 531 Monasterii,

158 549 363 601 tanquam
394 562 492 590 oves
524 552 712 590 errantes
743 563 830 603 prae
860 549 1008 603 inopia
1039 549 1346 604 dispergentur.
1411 549 1680 602 Quapropter

158 612 303 654 Abbas
336 619 379 656 et
411 614 540 656 Conv.
562 615 758 668 praedicti
789 615 842 655 ad
871 615 996 656 dictae
1019 615 1139 656 Sedis
1161 616 1516 668 circumspectam
1536 613 1678 667 provi-

159 678 348 720 dentiam
364 685 640 731 recurrentes,
657 681 778 722 nobis
800 680 1024 721 humiliter
1046 681 1343 735 supplicarunt
1364 685 1413 721 ut
1433 693 1508 734 pro
1529 679 1677 732 hujus-

157 745 273 785 modi
294 746 381 787 suis
403 746 792 801 neces[sitatibus]1
824 780 831 787 .
865 780 871 787 .
905 779 912 787 .
946 748 1070 801 (148)
1099 747 1137 788 si
1157 747 1220 787 ita
1242 751 1318 797 est,
1339 760 1432 787 eam
1454 745 1675 787 ecclesiam

157 810 209 851 de
232 811 416 862 Semara,
432 827 531 854 cum
553 827 663 854 omn.
682 813 851 867 juribus
875 817 917 854 et
937 817 1042 866 pert.
1065 813 1167 863 suis,
1184 813 1346 853 Abbati
1367 817 1409 853 et
1432 811 1676 854 Conventui

156 878 401 919 memoratis
433 879 688 920 auctoritate
714 882 859 919 nostra
880 879 1097 928 concedas,
1119 892 1194 932 per
1215 892 1285 919 eos
1306 879 1483 932 imperp.
1505 879 1552 918 in
1573 891 1675 918 usus

155 943 346 996 proprios
360 945 640 994 retinendam,
656 944 988 985 contradictores
1004 957 1079 997 per
1095 957 1317 985 censuram
1335 943 1677 992 ecclesiasticam,

157 1009 442 1062 appellatione
463 1010 714 1064 postposita,
736 1010 1042 1064 compescendo
1058 1009 1084 1051 :2
1120 1010 1295 1051 Eisdem
1316 1010 1478 1051 Abbati
1500 1014 1542 1051 et
1564 1008 1676 1050 Con-

155 1076 304 1116 ventui
335 1075 638 1117 nichilominus
671 1076 970 1117 auctoritatem
1000 1076 1250 1130 przedictam
1275 1076 1326 1117 de
1348 1075 1521 1130 speciali
1541 1074 1676 1128 gratia

155 1142 435 1192 concedendo,
468 1146 517 1182 ut
547 1142 682 1196 ipsius
714 1141 902 1183 ecclesiae
934 1142 1123 1191 Rectore,
1145 1142 1220 1196 qui
1251 1155 1366 1182 nunc
1398 1145 1474 1191 est,
1497 1140 1675 1181 cedente

154 1207 224 1247 vel
273 1208 402 1249 etiam
444 1208 684 1258 decedente,
719 1208 1031 1262 possessionem
1068 1209 1258 1262 ejusdem
1299 1208 1488 1249 ecclesiae
1529 1220 1674 1261 appre-

154 1272 338 1315 hendere
373 1274 505 1315 libere
537 1274 789 1315 auctoritate
820 1274 990 1328 propria
1020 1274 1204 1324 valeant,
1241 1287 1288 1315 ac
1320 1273 1450 1314 etiam
1480 1272 1674 1321 retinere,

154 1342 229 1380 tua
260 1340 330 1381 vel
366 1341 540 1382 alterius
577 1341 870 1394 cujuscunque
900 1340 1076 1381 licentia
1106 1340 1284 1381 minime
1306 1339 1535 1394 requisita;
1567 1338 1671 1379 alias

148 1406 244 1459 jure
274 1410 362 1457 tuo,
383 1412 425 1448 et
457 1407 686 1461 cujuslibet
715 1407 902 1456 alterius,
923 1407 970 1447 in
991 1406 1189 1447 omnibus
1212 1420 1377 1460 semper
1399 1405 1539 1446 salvo:
1571 1404 1671 1445 Non

154 1472 350 1514 obstante
391 1474 426 1514 si
459 1473 594 1527 aliqui
629 1487 756 1527 super
790 1472 1063 1527 provisionis3
1104 1473 1187 1513 sibi
1222 1472 1399 1513 saciend.
1439 1471 1491 1512 de
1524 1471 1671 1524 hujus-

154 1539 270 1579 modi
301 1540 501 1589 ecclesiis,
522 1539 593 1580 vel
624 1539 720 1580 aliis
742 1539 961 1580 beneficiis
983 1538 1280 1580 ecclesiasticis
1302 1538 1347 1578 in
1369 1537 1455 1578 illis
1476 1537 1669 1591 partibus

152 1606 368 1658 generales
398 1605 469 1646 vel
500 1605 703 1659 speciales
736 1605 860 1645 dictae
881 1605 1016 1654 Sedis,
1036 1604 1107 1645 vel
1127 1604 1363 1659 legatorum
1385 1604 1489 1658 ejus,
1505 1603 1670 1644 litteras

154 1684 259 1723 quas
291 1672 344 1712 ad
375 1671 473 1713 eccl.
495 1671 742 1725 praedictam
765 1671 940 1711 extendi
961 1670 1161 1711 nolumus
1182 1669 1518 1724 impetraverint,
1540 1669 1669 1709 etiam

155 1736 191 1776 si
231 1750 306 1790 per
346 1736 437 1778 eas4
477 1735 619 1790 (148b)
662 1769 669 1777 .
713 1770 721 1778 .
765 1769 772 1778 .
814 1736 997 1777 Abbatis
1039 1740 1083 1776 et
1124 1736 1255 1777 Gonv.
1297 1735 1669 1789 praesentationein

153 1801 417 1844 instituendo
445 1803 492 1843 in
513 1803 610 1844 eccl.
635 1802 878 1857 supradicta
899 1802 998 1843 ibid.
1021 1806 1227 1856 perpetuo
1249 1801 1468 1851 servituro,
1486 1814 1669 1855 congrua

152 1869 290 1922 portio
321 1874 569 1919 reservetur,
601 1883 653 1910 ex
690 1883 774 1923 qua
811 1868 1029 1909 commode
1061 1868 1293 1909 sustentari
1321 1867 1473 1917 valeat,
1496 1871 1538 1908 et
1559 1867 1668 1920 epis-

153 1937 316 1990 copalia
351 1937 448 1990 jura
489 1937 662 1986 solvere,
698 1936 865 1990 aliaque
906 1936 1199 1976 incumbentia
1240 1949 1366 1976 onera
1407 1938 1668 1989 supportare.

152 2002 242 2043 Nos
261 2003 375 2044 enim
391 2003 559 2044 irritum
577 2003 841 2044 decernimus
859 2006 901 2043 et
922 2002 1049 2043 inane
1071 2002 1108 2042 si
1129 2015 1250 2043 secus
1272 2014 1398 2055 super
1418 2001 1499 2042 hoc
1520 2015 1543 2041 a
1565 2015 1668 2055 quo-

153 2082 281 2122 quam
295 2068 467 2122 quavis5
485 2103 493 2111 .
509 2102 515 2110 .
535 2102 542 2110 .
560 2069 786 2123 contigerit
800 2068 1024 2109 attemtari.
1077 2068 1240 2109 Datum
1254 2067 1468 2117 Avinion’‚
1483 2067 1667 2108 Kalend.

153 2135 288 2184 Junii,
329 2135 609 2176 Pontificatus
641 2135 777 2176 nostri
808 2134 999 2188 septimo.
1061 2134 1228 2175 Vestris
1259 2147 1357 2175 vero
1390 2133 1667 2187 subdeligatis

152 2214 227 2242 seu
268 2202 579 2251 commissariis,
610 2201 949 2255 quamplurimis,
982 2204 1056 2241 aut
1091 2200 1179 2250 uni,
1212 2201 1313 2254 Ego,
1334 2199 1582 2241 Willelmus
1615 2199 1667 2240 de

153 2268 458 2322 Hunmandby,
482 2268 682 2317 Clericus,
703 2268 955 2308 Procurator
985 2266 1296 2321 Religiosorum
1327 2266 1527 2313 virorum,
1555 2264 1664 2305 Abb.

151 2338 193 2375 et
216 2334 344 2376 Conv.
368 2335 550 2375 Monast.
574 2334 626 2375 de
642 2333 861 2387 Whiteby,
881 2336 1034 2374 vestrae
1056 2333 1281 2381 dioceseos,
1295 2332 1369 2385 qui
1390 2331 1465 2371 diu
1485 2331 1531 2371 in
1552 2330 1663 2371 Eccl.

199 2452 210 2471 ¹
235 2451 308 2484 The
333 2462 445 2494 upper
469 2451 544 2483 half
569 2451 604 2483 of
626 2451 688 2483 the
705 2450 790 2482 folio
809 2449 1001 2481 numbered
1022 2451 1083 2481 141
1107 2449 1136 2481 is
1154 2451 1234 2481 torn
1252 2459 1364 2490 away,
1385 2447 1453 2479 and
1470 2447 1585 2479 leaves
1604 2448 1665 2479 the

150 2508 220 2540 last
245 2508 343 2539 word
368 2511 404 2539 at
430 2507 492 2540 the
517 2507 593 2539 foot
619 2507 654 2539 of
679 2506 741 2538 the
766 2505 953 2548 preceding
978 2505 1046 2537 leaf
1070 2505 1264 2545 imperfect.
1331 2504 1367 2536 It
1392 2515 1463 2536 was
1492 2503 1664 2546 probably

151 2573 188 2595 as
206 2563 242 2594 in
258 2562 320 2595 the
337 2565 426 2595 text.

197 2616 210 2638 2
236 2618 309 2650 The
335 2617 431 2650 word
457 2617 486 2649 is
511 2616 659 2649 difficult
683 2618 721 2648 to
739 2615 913 2657 decipher.
964 2615 1038 2647 The
1055 2615 1125 2647 last
1143 2614 1196 2647 six
1214 2614 1336 2647 letters
1355 2625 1412 2646 are
1430 2614 1530 2654 clear,
1550 2625 1587 2646 as
1605 2625 1662 2646 are

151 2673 222 2705 also
251 2673 314 2706 the
339 2676 412 2705 two
436 2673 522 2712 first,
554 2672 616 2704 the
643 2671 763 2704 others
791 2673 854 2702 not
883 2681 929 2702 so.
981 2670 1054 2702 The
1083 2670 1227 2713 reading
1256 2670 1408 2712 adopted
1437 2670 1465 2702 is
1492 2670 1662 2712 probably

151 2729 257 2771 right,
279 2729 348 2760 and
365 2729 462 2771 gives
478 2728 540 2760 the
557 2727 725 2769 requisite
742 2737 849 2758 sense.

198 2782 211 2804 3
236 2783 309 2815 The
334 2794 441 2822 sense,
461 2783 553 2815 from
578 2783 639 2815 the
664 2783 788 2814 lacuna
814 2780 1017 2813 occasioned
1041 2780 1090 2822 by
1115 2780 1176 2812 the
1202 2780 1417 2812 abstraction
1443 2780 1478 2811 of
1501 2781 1562 2812 the
1588 2781 1663 2812 half

150 2839 229 2878 leaf,
250 2838 392 2880 already
410 2838 526 2878 noted,
546 2838 574 2870 is
600 2837 794 2879 imperfect,
813 2836 883 2868 and
906 2836 952 2868 all
971 2836 1051 2868 that
1068 2846 1133 2868 can
1150 2835 1193 2868 be
1211 2835 1287 2868 said
1305 2836 1412 2868 about
1429 2835 1502 2868 this
1519 2837 1614 2868 word
1633 2836 1662 2868 is

150 2894 230 2926 that
246 2894 275 2925 it
292 2893 321 2925 is
339 2904 423 2935 very
441 2893 570 2935 clearly
587 2893 740 2925 written.

197 2946 211 2968 4
236 2948 417 2992 Wanting,
437 2949 527 2981 from
543 2949 605 2981 the
623 2959 724 2981 cause
740 2948 857 2980 before
875 2946 1024 2979 noticed.

198 3003 212 3025 ⁵
237 3005 270 3037 A
288 3005 385 3037 word
403 3015 440 3037 so
459 3004 640 3048 obscurely
655 3003 809 3044 written,
825 3003 855 3035 it
872 3002 901 3034 is
917 3002 1005 3036 hard
1023 3013 1111 3036 even
1128 3005 1166 3035 to
1183 3003 1329 3036 surmise
1349 3002 1444 3035 what
1462 3002 1490 3034 it
1507 3013 1587 3045 may
1606 3002 1658 3034 be.
