1889 3221
254 355 335 392 500
494 361 854 396 CARTULARIUM
880 361 1153 393 ABBATHIAE
1178 361 1242 393 DE
1268 361 1514 394 WHITEBY.

255 472 382 513 unius
414 472 524 521 tofti,
556 486 653 512 cuin
685 475 803 524 pert„
834 471 879 511 in
911 470 1090 519 Dunsle,
1122 485 1217 524 quae
1248 471 1299 512 de
1330 470 1545 524 praedictis
1582 468 1689 510 Abb.
1726 471 1768 508 et

255 538 398 588 Conv„
441 538 563 592 (171)
615 538 726 578 sicut
776 551 851 591 per
901 537 1223 591 inquisitionem
1275 550 1351 590 per
1391 536 1596 577 dilectum
1646 533 1769 575 nobis

255 604 483 657 Symonem
515 605 566 645 de
599 603 851 658 Grymesby,
882 603 1150 644 Escaetorem
1180 606 1374 643 nostrum
1404 603 1451 643 in
1483 602 1598 643 Com.
1631 601 1767 648 Ebor„

254 670 544 719 Northumbr'‚
566 669 735 711 Cumbr'
759 673 801 709 et
822 668 1176 718 Westmerlanda,
1200 669 1250 709 de
1272 668 1473 709 mandato
1504 671 1647 708 nostro
1668 665 1767 706 inde

254 736 421 785 factam,
459 740 500 776 et
537 736 583 776 in
619 735 870 776 cancellaria
906 739 1050 775 nostra
1085 738 1355 784 retornatam,
1392 738 1455 775 est
1492 738 1767 788 compertum,

252 802 350 842 dare
371 802 505 855 possit
533 804 575 842 et
607 801 819 855 assignare
850 801 1039 854 praefatis
1061 800 1220 841 Abbati
1242 805 1283 840 et
1306 799 1693 841 Conv.—Habend.
1726 802 1768 838 et

249 872 335 908 ten.
362 868 444 908 sibi
470 871 512 908 et
541 881 650 908 succ.
685 867 773 908 suis
805 867 996 920 imperp.‚
1024 866 1077 907 -ad
1111 866 1299 907 valorem
1331 871 1504 907 centum
1537 865 1768 906 solidorum

250 947 325 987 per
346 947 519 983 annum,
541 933 586 973 in
607 937 774 987 partem
795 932 1101 973 satisfactionis
1124 932 1281 987 viginti
1311 932 1563 973 libratarum
1583 932 1769 979 t'rarum,

251 1004 607 1049 temulentorum,
630 1004 672 1040 et
696 999 943 1040 reddituum
972 999 1294 1052 praedictorum:
1325 999 1381 1039 Et
1404 998 1563 1039 eisdem
1592 997 1701 1038 Abb.
1726 1001 1768 1037 et

254 1065 398 1115 Conv.,
431 1065 544 1119 quod
586 1065 670 1118 ipsi
710 1065 915 1118 praedicta
955 1065 1235 1118 mesuagium,
1270 1064 1389 1113 tofta,
1421 1064 1554 1113 t'ram,
1585 1067 1767 1117 pratum,

252 1132 440 1181 boscum,
457 1131 682 1180 redditum,
701 1135 743 1172 et
758 1130 1046 1179 medietatem,
1069 1144 1165 1171 cum
1188 1134 1306 1184 pert,
1324 1143 1347 1170 a
1368 1130 1544 1183 praefato
1563 1129 1766 1170 Galwano

252 1198 439 1252 recipere
461 1198 629 1251 possint
651 1202 693 1238 et
714 1202 858 1238 tenere
881 1197 964 1237 sibi
987 1200 1029 1238 et
1051 1210 1160 1238 succ.
1184 1197 1273 1237 suis
1294 1196 1421 1250 praed.
1444 1196 1635 1250 imperp„
1657 1195 1768 1236 sicut

252 1264 506 1318 praedictum
524 1267 600 1313 est,
616 1267 761 1304 tenore
779 1263 1066 1316 praesentium.
1114 1262 1321 1303 Similiter
1336 1262 1556 1303 licentiam
1573 1260 1766 1302 dedimus

253 1330 496 1383 specialem,
533 1332 695 1370 statuto
731 1329 858 1383 praed.
897 1343 982 1369 non
1014 1329 1222 1378 obstante,
1258 1328 1453 1369 nolentes
1490 1327 1602 1381 quod
1639 1326 1764 1380 praed.

254 1396 500 1445 Galwanus,
521 1395 601 1436 vel.
624 1395 722 1437 haer.
753 1395 831 1444 sui,
854 1400 928 1435 aut
958 1395 1128 1448 praefati
1158 1394 1267 1435 Abb.
1301 1398 1342 1435 et
1375 1394 1518 1443 Conv.,
1550 1407 1624 1434 seu
1655 1405 1765 1433 succ.

252 1462 329 1511 sui,
351 1461 514 1502 ratione
536 1461 690 1502 statuti
710 1460 837 1514 praed.
854 1474 929 1514 per
945 1474 1020 1500 nos
1043 1465 1116 1501 aut
1137 1460 1234 1501 haer.
1258 1464 1424 1500 nostros
1447 1459 1768 1509 occasionentur

252 1528 297 1568 in
339 1527 495 1580 aliquo,
526 1540 601 1567 seu
640 1531 893 1580 graventur:
936 1526 1074 1567 Salvis
1116 1531 1261 1566 tamen
1298 1525 1464 1579 capital.
1508 1525 1616 1565 d'nis
1653 1524 1765 1565 feodi

252 1594 371 1634 illius
403 1607 508 1634 serv.
541 1593 641 1633 inde
673 1593 765 1634 deb.
798 1597 840 1633 et
872 1593 1098 1634 consuetis.
1172 1593 1226 1632 In
1252 1593 1373 1646 cujus
1402 1606 1431 1632 r.
1454 1596 1549 1632 test.
1576 1590 1652 1631 has
1682 1590 1765 1631 litt.

253 1665 418 1702 nostras
440 1660 531 1701 fieri
552 1660 730 1701 fecimus
761 1663 972 1713 patentes.
1034 1659 1159 1699 Teste
1181 1672 1249 1699 me
1270 1659 1375 1712 ipso,
1397 1658 1510 1712 apud
1543 1656 1768 1706 Saltwode,

251 1727 467 1768 tricesimo
490 1726 558 1767 die
580 1726 689 1766 Maii
709 1726 837 1766 Anno
859 1739 888 1767 r.
911 1726 1047 1766 nostri
1069 1725 1233 1766 decimo
1256 1738 1379 1766 nono.

929 1907 1089 1948 DLXI.

312 2008 525 2058 Thomas,1
550 2009 602 2049 D.
626 2009 675 2049 G.
698 2008 949 2061 Archiep'us
972 2007 1023 2047 de
1045 2007 1246 2055 Eboraco,
1267 2006 1464 2046 omnibus
1496 2006 1767 2060 parochianis

254 2076 355 2125 suis,
392 2079 434 2116 et
467 2075 665 2115 omnibus
702 2074 826 2122 fidel,
868 2073 1051 2113 salutem
1092 2073 1138 2112 in
1181 2072 1352 2113 Christo
1393 2072 1542 2113 ‹Jhesu
1620 2072 1768 2112 Nostri

255 2141 382 2182 officii
429 2145 492 2181 est
542 2141 639 2180 t'ras
683 2144 725 2180 et
764 2139 1051 2193 possessiones
1103 2138 1421 2187 ecclesiasticas,
1468 2142 1510 2178 et
1558 2138 1767 2191 praecipue

256 2206 480 2261 Religiosis
516 2206 729 2247 Coenobiis
767 2206 897 2253 datas,
930 2204 1134 2258 pastorali
1175 2204 1426 2244 auctoritate
1461 2203 1684 2244 defendere
1725 2208 1767 2244 et

255 2274 501 2315 confirmare
522 2272 848 2325 imperpetuum.
912 2271 1251 2311 Conventionem
1272 2283 1371 2310 vero
1402 2270 1513 2310 inter
1534 2269 1766 2310 Ecclesiam

256 2341 306 2380 de
334 2338 498 2379 Witebi
531 2343 573 2379 et
606 2338 704 2378 eccl.
739 2338 790 2378 de
824 2337 1139 2390 Bredlingtona,
1171 2340 1213 2376 et
1245 2336 1515 2376 Conventum
1546 2335 1768 2388 utriusque

253 2406 347 2454 loci,
388 2405 555 2452 factam,
596 2417 673 2444 nos
715 2404 986 2444 concedimus
1037 2408 1080 2443 et
1130 2400 1505 2442 confirmavimus2
1550 2401 1596 2440 in
1646 2401 1765 2441 elem.

255 2476 504 2525 perpetuam
520 2469 774 2518 2—Scilicet,
815 2469 927 2522 quod
977 2469 1208 2522 piscatores
1259 2467 1310 2507 de
1350 2467 1513 2507 Witebi
1558 2467 1767 2507 decimam

257 2550 377 2577 suam
417 2535 600 2576 fideliter
640 2535 804 2575 dabunt
845 2534 897 2575 de
938 2534 1134 2574 omnibus
1170 2532 1358 2586 piscibus
1389 2532 1488 2580 suis
1521 2546 1617 2572 cum
1654 2532 1767 2585 apud

257 2602 488 2642 Fiveleiam
539 2601 848 2654 applicuerint:
871 2598 887 2623 3
942 2599 1139 2640 similiter
1193 2599 1422 2652 piscatores
1478 2598 1529 2637 de
1579 2598 1767 2638 Fiveleia

304 2716 316 2737 1
343 2716 573 2758 Necessarily‚
594 2727 630 2748 as
648 2716 702 2748 W.
722 2715 804 2758 Ep’s
822 2715 985 2747 Dunelm.
1012 2715 1041 2746 is
1067 2725 1193 2756 among
1217 2713 1278 2745 the
1300 2713 1492 2750 witnesses,
1522 2713 1591 2744 and
1608 2712 1766 2744 William

258 2773 300 2804 de
319 2772 348 2804 S.
371 2771 530 2812 carileph
558 2773 788 2811 (1081-1096)
815 2771 898 2811 only
916 2781 979 2802 can
1005 2770 1046 2801 be
1071 2769 1133 2800 the
1159 2778 1348 2809 personage
1373 2767 1558 2806 indicated,
1577 2767 1648 2799 this
1675 2770 1769 2799 must

257 2828 300 2858 be
317 2827 378 2858 the
398 2827 473 2857 first
491 2825 713 2867 Arohbishop
731 2826 890 2864 Thomas,
911 2836 949 2857 or
966 2824 1117 2855 Thomas
1136 2822 1171 2854 of
1188 2822 1332 2863 Bayeux
1349 2821 1592 2862 (1070-1100).

305 2882 316 2900 '2
343 2881 415 2912 The
433 2881 617 2912 difference
635 2881 670 2911 of
687 2884 785 2912 tense
804 2881 912 2912 exists
930 2891 966 2911 as
985 2878 1132 2921 printed.

305 2934 318 2956 3
343 2936 405 2968 See
422 2936 486 2967 No.
508 2935 585 2973 374,
608 2935 729 2967 Abbot
747 2936 904 2967 William
924 2935 966 2966 de
984 2935 1093 2974 Percy
1115 2933 1206 2973 (first
1222 2931 1358 2971 Abbot)
1377 2932 1446 2963 and
1462 2932 1561 2963 Prior
1580 2931 1765 2963 Wikeman

259 2991 295 3023 of
312 2990 535 3032 Bridlington
552 2990 654 3031 being
673 2990 732 3021 the
751 2991 970 3031 contracting
989 2988 1128 3030 parties.
