1899 3288
233 334 314 372 360
469 343 830 376 CARTULARIUM
856 343 1129 376 ABBATHIAE
1154 343 1218 375 DE
1244 342 1494 376 WHITEBY.

232 451 385 492 amoris
424 451 590 492 intuitu
626 456 668 493 et
708 466 784 506 pro
819 452 957 493 salute
997 453 1151 493 animae
1191 466 1307 502 meae,
1343 455 1386 493 et
1420 450 1663 505 praedecess.
1701 453 1743 490 et

232 517 296 570 (3)
319 531 426 559 succ.
449 531 651 567 meorum,
674 532 787 560 conc.
810 521 853 559 et
883 518 976 559 ded.
1006 523 1048 559 et
1078 532 1195 572 praes.
1219 532 1250 559 c.
1274 531 1368 559 mea
1399 518 1506 559 conf.
1530 517 1577 557 in
1606 516 1678 557 lib.
1701 519 1744 556 et

230 596 346 636 perp.
364 583 482 624 elem.
500 584 592 624 Deo
610 588 652 624 et
668 583 792 624 altari
814 583 961 625 Sancti
978 584 1007 625 J
1011 584 1191 625 ohannis
1214 584 1420 637 Baptistae
1436 584 1482 623 in
1500 581 1674 636 Capella
1695 581 1742 621 B.

233 648 381 689 Mariae
402 649 453 690 de
469 649 623 698 Atona‚
641 650 856 703 quandam
873 650 1128 703 particulam
1145 650 1233 690 t’rze
1254 650 1300 690 in
1320 649 1498 690 t’ritorio
1521 649 1572 690 de
1589 649 1745 696 Atona‚

227 714 354 767 juxta
389 715 669 755 coemiterium
706 716 830 756 dictae
864 716 1048 769 Capellae
1078 729 1225 756 versus
1258 714 1669 757 occidentem—scil.
1699 713 1746 753 in

230 780 498 834 longitudine
526 785 620 821 octo
651 781 919 835 perticarum,
941 781 987 822 in
1017 781 1246 821 latitudine
1268 795 1367 830 vero
1389 784 1599 835 quantum
1630 780 1745 820 dicta

231 845 309 886 t'ra
349 860 392 887 se
426 847 619 887 extendit
652 861 676 887 a
711 848 782 888 via
817 861 966 888 versus
998 847 1252 901 aquilonem.
1327 848 1480 900 Itaque
1516 846 1746 894 Martinus,

232 911 345 952 filius
378 912 594 966 Radulphi
615 913 795 953 Diaconi
817 913 868 953 de
890 913 1044 963 Atona,
1067 917 1110 953 et
1131 913 1318 953 haeredes
1341 913 1420 962 sui,
1440 912 1510 953 vel
1532 911 1600 952 sui
1620 911 1743 964 assig.

231 978 441 1019 tenebunt
476 978 634 1019 dictam
671 979 792 1019 t'ram
833 979 884 1020 de
925 979 1019 1019 Deo
1059 983 1102 1020 et
1138 979 1189 1019 de
1224 979 1261 1020 S.
1299 979 1498 1020 ‹Johanne
1536 977 1744 1031 Baptista,

233 1043 403 1084 nomine
431 1044 535 1085 dicti
565 1044 722 1094 altaris,
743 1045 789 1085 111
819 1045 942 1085 feodo
974 1049 1016 1085 et
1047 1044 1158 1093 haer„
1183 1045 1314 1085 libere
1346 1049 1388 1085 et
1408 1045 1563 1098 quiete,
1584 1043 1742 1097 persol—

230 1109 369 1150 vendo
419 1110 610 1163 quolibet
661 1125 771 1151 anno
822 1111 874 1151 ad
927 1111 1150 1151 servitium
1192 1110 1297 1151 dicti
1348 1109 1641 1151 altaris—scil.
1689 1109 1742 1149 ad

230 1175 451 1226 luminare,
483 1176 588 1217 duos
624 1177 780 1218 solidos
816 1177 868 1218 ad
901 1177 927 1218 s.
961 1177 1000 1218 S.
1033 1177 1268 1218 Michaelis,
1329 1178 1386 1217 Et
1416 1181 1464 1217 ut
1494 1177 1620 1230 praed.
1659 1176 1742 1215 duo

231 1242 356 1282 solidi
382 1243 497 1295 juste
529 1243 826 1297 expendantur
856 1244 909 1284 ad
939 1243 1149 1284 luminare
1180 1257 1254 1296 per
1281 1243 1421 1283 visum
1449 1243 1741 1283 ministrorum

231 1307 355 1348 dictae
385 1308 580 1363 Capellae,
612 1312 654 1349 et
683 1309 780 1359 mei,
802 1314 844 1350 et
864 1309 960 1350 haer.
984 1323 1185 1358 meorum,
1208 1323 1285 1362 ego
1312 1323 1424 1358 vero,
1445 1309 1473 1350 J
1478 1308 1677 1357 ohannes,
1700 1311 1743 1347 et

229 1373 325 1415 haer.
357 1374 444 1415 mei
473 1375 842 1416 warantizabimus
874 1376 1034 1416 dictam
1068 1375 1191 1415 t’ram
1221 1376 1313 1416 Deo
1345 1378 1387 1416 et
1419 1375 1457 1416 S.
1481 1374 1671 1417 Johanni
1699 1378 1743 1414 et

230 1439 456 1492 saepedicto
492 1440 681 1481 Martino
713 1444 755 1481 et
790 1441 877 1482 suis
909 1441 1019 1489 haer„
1054 1441 1123 1481 vel
1159 1441 1248 1481 suis
1284 1441 1418 1494 assig.‚
1447 1444 1594 1481 contra
1629 1454 1663 1481 o.
1700 1439 1741 1480 h.

229 1505 553 1559 imperpetuum.
605 1507 704 1547 Hiis
726 1507 918 1548 testibus.
970 1507 1081 1547 D'no
1104 1507 1298 1556 Ricardo,
1316 1508 1500 1548 Persona
1518 1507 1568 1547 de
1584 1506 1738 1547 Semar.

230 1571 448 1612 WVfllelmo
470 1576 512 1612 et
533 1572 718 1625 Hugone
740 1572 995 1626 Capellanis.
1046 1572 1206 1613 Thoma
1222 1572 1274 1613 de
1292 1572 1528 1626 Onlaneby.
1579 1571 1741 1612 Thoma

229 1636 430 1678 Diacono.
482 1638 691 1679 Mauricio
706 1639 833 1680 Coke.
885 1638 1078 1680 Geraulo.
1131 1638 1324 1689 Ricardo,
1341 1638 1504 1679 Clerico
1519 1638 1571 1679 de
1585 1638 1739 1678 Atona.

229 1702 407 1742 Ricardo
429 1703 648 1744 Palmerio.
712 1704 904 1745 Gilberto
926 1705 1055 1745 fratre
1077 1704 1179 1757 ejus.
1241 1704 1421 1745 Ricardo
1445 1704 1531 1744 filio
1554 1703 1697 1743 Alani.

865 1852 1097 1893 CCCCIII.

287 1941 368 1995 (4)1
384 1941 604 1982 Universis
621 1942 781 1983 Christi
794 1942 991 1983 fidelibus
1005 1957 1123 1996 praes.
1134 1957 1208 1984 scr.
1223 1942 1298 1984 vis.
1314 1942 1383 1982 vel
1397 1941 1503 1991 aud„
1518 1941 1737 1982 Galfridus

228 2006 280 2047 de
298 2006 457 2057 Rosels‚
478 2007 591 2048 filius
608 2008 817 2048 Willelmi
838 2008 889 2049 de
910 2009 1070 2058 Rosels,
1088 2009 1255 2058 militis,
1276 2022 1305 2049 s.
1328 2009 1374 2048 in
1390 2008 1590 2049 Domino.
1649 2008 1692 2048 N
1695 2022 1738 2048 0-

228 2072 375 2113 veritis
392 2086 459 2114 me
476 2086 603 2122 conc„
619 2073 843 2122 remisisse,
861 2077 902 2115 et
919 2074 1091 2115 omnino
1108 2074 1160 2115 de
1178 2088 1245 2115 me
1263 2078 1304 2115 et
1326 2074 1423 2115 haer.
1442 2074 1546 2114 meis
1560 2073 1735 2127 imperp.

229 2151 297 2190 qu.
332 2138 534 2179 clamasse
566 2139 726 2179 Abbati
757 2143 799 2180 et
828 2139 958 2181 Conv.
995 2141 1148 2181 Mon'ii
1181 2141 1232 2181 de
1264 2140 1483 2193 Whiteby,
1516 2144 1558 2180 et
1591 2152 1736 2180 eorum

229 2204 554 2254 successoribus,
595 2218 865 2245 communam
900 2210 1085 2259 pasturae
1126 2206 1178 2247 ad
1211 2220 1285 2247 sex
1324 2206 1455 2246 boves
1490 2205 1649 2258 ubique
1690 2205 1761 2263 1111

229 2270 425 2310 omnibus
446 2270 595 2319 boscis,
617 2270 757 2320 moris,
778 2271 911 2312 vastis
933 2275 974 2312 et
995 2271 1181 2325 pasturis
1203 2272 1308 2312 meis
1330 2272 1375 2311 111
1390 2272 1565 2312 Neuton
1585 2271 1737 2311 subtus

229 2334 507 2388 Onesberghe,
538 2340 714 2390 excepto
743 2337 926 2390 quodam
956 2337 1047 2378 loco
1083 2338 1158 2391 qui
1189 2337 1346 2378 dicitur
1376 2337 1737 2391 Roselbigginges,

229 2399 482 2440 Habendam
504 2405 545 2441 et
570 2405 651 2442 ten.
676 2402 835 2443 eisdem
855 2403 1016 2443 Abbati
1038 2408 1080 2444 et
1102 2404 1230 2444 Conv.
1255 2408 1296 2444 et
1318 2416 1463 2444 eorum
1485 2403 1736 2443 successori—

227 2464 318 2513 bus,
347 2465 431 2514 lib„
458 2467 631 2518 pacifice
663 2471 704 2508 et
739 2467 901 2522 integre
936 2469 1263 2523 imperpetuum,
1299 2469 1360 2509 ita
1393 2468 1507 2522 quod
1538 2482 1616 2508 nec
1648 2482 1735 2521 ego,

229 2529 458 2580 Galfridus‚
479 2544 556 2571 nec
576 2531 674 2572 haer.
696 2533 791 2582 mei,
813 2547 889 2574 nec
911 2534 1065 2587 aliquis
1087 2549 1162 2588 per
1182 2549 1257 2575 nos
1280 2548 1356 2575 nec
1377 2534 1550 2575 nomine
1580 2537 1735 2583 nostro,

227 2594 443 2635 occasione
479 2609 714 2637 communae
749 2604 934 2650 pasturae
973 2600 1187 2652 predictae,
1228 2599 1397 2640 eosdem
1438 2599 1652 2639 Abbatem
1692 2604 1734 2638 et

226 2683 386 2725 shillings
409 2684 531 2725 yearly
556 2685 585 2716 is
611 2686 758 2727 granted
783 2689 820 2718 to
846 2688 1009 2730 Whitby,
1028 2689 1178 2731 payable
1204 2693 1266 2722 out
1291 2690 1327 2721 of
1350 2690 1412 2721 the
1436 2688 1521 2720 land
1546 2688 1735 2730 belonging

225 2740 262 2769 to
292 2737 422 2769 Radulf
450 2738 527 2769 Fitz
556 2739 716 2771 Baldwin
746 2740 788 2771 de
818 2741 1022 2785 Bramhope,
1052 2744 1121 2775 and
1149 2755 1274 2786 among
1301 2744 1363 2775 the
1392 2744 1573 2776 witnesses
1598 2743 1627 2775 is
1651 2742 1731 2774 Joh.

226 2792 419 2823 Canoncius
444 2792 487 2823 de
513 2793 663 2834 Capella,
685 2794 764 2826 who
791 2795 827 2826 in
856 2796 904 2827 M.
935 2797 964 2828 is
993 2798 1173 2830 described
1199 2798 1327 2840 simply
1357 2809 1393 2830 as
1423 2798 1642 2840 Capellanus‚
1670 2797 1733 2829 the

228 2846 367 2887 Capella
384 2846 562 2878 indicated
579 2847 683 2890 being
699 2849 868 2892 probably
886 2851 965 2883 that
983 2852 1018 2883 of
1034 2853 1095 2884 the
1113 2856 1254 2894 present
1272 2853 1369 2885 deed.

272 2900 285 2921 1
310 2901 383 2933 The
400 2901 542 2944 writing
561 2913 604 2933 on
621 2903 692 2935 this
710 2903 794 2936 folio
812 2905 841 2936 is
862 2906 953 2937 clear
970 2907 1039 2938 and
1055 2908 1155 2949 good,
1174 2918 1211 2939 as
1231 2908 1308 2939 well
1326 2919 1363 2939 as
1381 2907 1501 2939 unlike
1517 2907 1598 2939 that
1615 2906 1729 2938 which

225 2956 387 2999 precedes
404 2955 442 2987 it.
