1889 3221
229 357 310 394 514
472 364 835 398 OARTULARIUM
859 363 1129 397 ABBATHIAE
1155 363 1219 396 DE
1244 363 1491 397 WHITEBY.

226 476 370 515 nostra
384 473 435 515 de
449 474 668 528 Whiteby,
683 477 853 515 tantum
868 487 972 528 quas
990 473 1185 515 Ballivus
1201 478 1356 524 noster,
1372 473 1447 527 qui
1463 487 1539 527 pro
1555 475 1744 526 tempore

226 539 366 589 fuerit,
394 540 580 593 recipere
609 539 785 589 solebat,
819 544 862 581 et
894 540 940 580 in
973 544 1169 593 compoto
1206 553 1281 580 suo
1317 539 1441 580 fidele
1472 537 1744 579 ratiocinium

226 605 348 646 nobis
399 605 624 646 annuatim
672 606 902 659 praestabat
918 605 1127 646 :—Salvis
1178 605 1301 645 nobis
1353 609 1396 645 et
1437 618 1546 646 succ.
1587 603 1744 644 nostris

224 671 471 724 perquisitis
522 675 565 712 et
612 671 953 712 amerciamentis
1005 671 1143 712 Curiae
1194 671 1418 720 dietarum,
1460 674 1503 711 et
1553 669 1745 710 omnium

224 736 404 777 aliarum
437 737 920 778 Ouriarum—Habend.
957 741 999 778 et
1029 736 1289 790 percipiend.
1314 736 1530 790 praedictis
1562 735 1745 776 Roberto

227 807 270 843 et
305 803 526 853 Nicholao,
564 817 709 844 eorum
749 803 846 844 haer.
885 807 927 844 et
959 803 1111 857 assign.
1150 802 1249 852 suis,
1286 816 1309 843 a
1344 803 1369 843 f.
1414 802 1452 843 S.
1490 801 1670 843 Martini
1699 801 1746 841 in

225 868 376 918 hieme,
397 869 505 911 A.D.
527 869 831 910 M⁰cccm01viim0
851 882 988 922 usque
1009 870 1138 909 finem
1153 869 1327 909 termini
1344 868 1524 908 duorum
1538 880 1746 908 annorum

223 948 342 988 prox,
364 935 637 988 sequentium
657 935 849 988 plenarie
871 934 1191 988 completorum.
1241 935 1298 974 Et
1319 933 1355 974 si
1376 947 1452 988 per
1466 933 1746 983 vacationem,
1791 925 1794 928 ⁴

226 1014 302 1041 seu
331 1015 406 1054 per
436 1004 628 1051 mortem,
649 1001 721 1041 vel
742 1000 1022 1041 cessationem
1042 1000 1236 1050 Abbatis,
1256 1000 1327 1041 vel
1348 1013 1423 1053 per
1445 1000 1577 1040 alium
1599 1012 1745 1039 casum

225 1066 463 1114 fortuitum,
480 1066 615 1107 dictas
632 1066 919 1120 possessiones
937 1066 1062 1107 dictae
1081 1066 1198 1106 villae
1219 1070 1375 1106 nostrae
1397 1065 1449 1106 de
1469 1065 1676 1118 Whiteby
1697 1064 1742 1104 in

226 1145 402 1172 manum
452 1132 554 1173 D'ni
601 1132 728 1185 Regis
770 1132 1005 1185 capiantur,
1045 1132 1106 1172 ita
1147 1132 1261 1184 quod
1302 1131 1407 1171 dicti
1448 1130 1660 1171 Robertus
1702 1132 1744 1170 et

227 1197 473 1247 Nicholaus‚
493 1197 565 1238 vel
594 1201 840 1238 executores
871 1197 949 1247 sui,
972 1197 1292 1237 commoditates
1320 1196 1545 1250 praedictas
1568 1196 1619 1236 de
1641 1195 1745 1235 villa

226 1263 441 1317 percipere
471 1277 558 1304 non
589 1263 1081 1317 potuerint—Volumus
1114 1266 1155 1303 et
1178 1263 1447 1303 concedimus
1465 1262 1591 1316 quod,
1612 1261 1745 1302 finitis

227 1329 392 1370 duobus
423 1329 576 1378 annis,1
606 1343 681 1383 per
711 1333 884 1369 tantum
914 1332 1084 1382 tempus
1117 1332 1159 1370 et
1183 1329 1229 1369 in
1251 1330 1398 1370 eodem
1419 1333 1608 1382 tempore
1630 1328 1746 1377 anni,

227 1409 372 1436 omnes
404 1396 545 1436 exitus
578 1400 620 1436 et
641 1399 885 1449 proventus,
906 1399 955 1436 ut
976 1395 1229 1449 praedictum
1250 1399 1325 1445 est,
1347 1395 1473 1448 plene
1493 1395 1680 1435 habeant
1702 1398 1746 1435 et

226 1461 476 1515 percipiant.
537 1462 595 1502 Et
625 1461 662 1502 si
693 1462 914 1515 contingat
935 1461 1050 1515 quod
1071 1461 1177 1501 dicti
1198 1461 1410 1502 Robertus
1433 1465 1475 1501 et
1496 1461 1746 1509 Nicholaus‚

226 1527 297 1567 vel
332 1541 443 1568 exec.
482 1527 560 1577 sui,
591 1541 667 1568 seu
698 1527 854 1581 aliquis
885 1541 1029 1568 eorum
1069 1527 1254 1577 nomine,
1289 1527 1336 1567 in
1371 1526 1745 1567 commoditatibus

227 1593 353 1647 praed.
375 1593 671 1647 percipiendis,
692 1607 768 1647 per
789 1607 845 1643 se,
865 1594 935 1634 vel
955 1607 1031 1647 per
1051 1593 1185 1634 alium
1206 1593 1392 1642 modum,
1414 1592 1654 1641 excesserit,
1669 1606 1746 1646 per

227 1660 341 1713 quod
371 1660 518 1700 Abbas
549 1663 591 1701 et
621 1660 754 1701 Conv.
786 1660 982 1713 praedicti
1012 1660 1058 1700 in
1088 1663 1308 1713 posterum
1339 1659 1508 1713 gravari
1542 1661 1746 1712 poterunt

227 1726 398 1778 injuste,
419 1726 613 1779 praedicti
644 1726 853 1766 Robertus
885 1730 928 1766 et
958 1725 1207 1775 Nicholaus,
1239 1728 1281 1765 et
1312 1738 1423 1765 exeo.
1459 1724 1536 1773 sui,
1558 1724 1747 1765 fatentur

228 1805 271 1831 se
303 1804 549 1832 conservare
581 1791 717 1831 dictos
747 1791 958 1832 Abbatem
992 1795 1035 1831 et
1068 1791 1198 1832 Conv.
1236 1804 1333 1844 erga
1369 1803 1645 1843 quoscunque
1679 1789 1745 1829 in-

229 1857 433 1910 dempnes
463 1857 626 1897 ratione
651 1857 780 1910 hujus
803 1857 1074 1898 dimissionis.
1134 1857 1225 1897 Nec
1246 1856 1392 1896 licebit
1414 1856 1539 1896 dictis
1562 1855 1745 1895 Roberto

227 1925 271 1962 et
301 1922 523 1971 Nicholao‚
543 1935 621 1962 nec
653 1936 763 1963 exec.
787 1923 886 1971 suis,
908 1922 1043 1963 dictas
1066 1922 1389 1962 commoditates
1411 1922 1537 1961 dictae
1557 1921 1672 1961 villae
1694 1921 1744 1961 de

228 1986 437 2040 Whiteby
467 1987 597 2027 alicui
633 1987 847 2028 dimittere
884 2001 957 2028 seu
997 1988 1223 2041 assignare,
1254 1987 1300 2027 in
1329 1990 1448 2040 parte
1479 1986 1548 2027 vel
1577 1986 1624 2026 in
1653 1989 1744 2026 toto

227 2053 319 2093 sine
340 2056 484 2093 nostra
504 2052 679 2093 licentia
700 2052 876 2106 speciali
896 2053 1031 2106 petita
1052 2057 1094 2093 et
1117 2055 1301 2106 optenta.
1364 2052 1421 2092 Et
1442 2066 1531 2101 nos,
1547 2052 1744 2105 praedicti

226 2119 372 2159 Abbas
403 2123 447 2159 et
478 2118 621 2169 Conv.,
651 2132 748 2159 war.
781 2119 924 2159 omnia
953 2119 1170 2172 praedicta,
1196 2122 1246 2159 ut
1275 2118 1530 2172 praedictum
1552 2121 1625 2159 est.
1688 2118 1743 2158 In

229 2185 350 2238 cujus
372 2199 402 2226 r.
424 2188 518 2225 test.
542 2184 617 2238 sig.
643 2198 867 2226 commune
888 2185 1179 2238 apposuimus.

874 2300 1106 2341 DLXXH.

286 2390 447 2431 Notum
492 2390 548 2431 sit
589 2390 786 2431 omnibus
822 2391 914 2431 Deo
950 2389 1234 2431 servientibus
1270 2389 1384 2443 apud
1416 2389 1622 2442 Whiteby
1657 2403 1741 2442 quo

228 2456 364 2505 modo,
395 2456 465 2497 vel
505 2470 589 2510 qua
629 2457 681 2497 de
718 2469 856 2506 causa,
887 2460 931 2497 et
963 2470 987 2496 a
1018 2456 1173 2509 quibus
1204 2455 1409 2509 personis,
1441 2454 1666 2508 Hospitale
1702 2455 1741 2495 S.

227 2521 453 2562 Michaelis
493 2521 765 2575 Archangeli,
801 2525 844 2562 et
881 2522 919 2562 S.
956 2521 1074 2562 Petri
1109 2524 1151 2562 et
1191 2522 1229 2562 S.
1266 2521 1412 2561 Hildae
1448 2521 1500 2561 de
1536 2520 1741 2572 Whiteby

228 2587 510 2627 constitutum
546 2591 610 2628 est
644 2587 690 2627 in
722 2587 838 2628 elem.
862 2590 1122 2641 perpetuam.
1184 2586 1459 2640 Temporibus
1480 2587 1573 2626 Deo
1595 2585 1742 2625 dilecti

228 2651 466 2702 Willelmi,2
495 2652 678 2693 Abbatis
710 2652 761 2693 de
791 2652 1010 2705 Whiteby,
1031 2655 1121 2692 erat
1141 2652 1207 2692 vir
1227 2651 1412 2705 quidam,
1433 2650 1605 2690 nomine
1627 2649 1742 2699 Orm,

228 2717 295 2756 vir
326 2717 462 2758 bonus
499 2723 541 2758 et
572 2718 715 2771 justus
752 2722 817 2758 set
851 2718 1054 2771 leprosus.
1116 2718 1214 2770 Ipse
1247 2730 1346 2756 vero
1378 2716 1505 2768 petiit
1534 2715 1584 2755 de
1613 2715 1739 2768 praed.

229 2782 399 2822 Abbate
430 2783 649 2824 Willelmo
681 2784 734 2824 de
764 2784 971 2837 Whiteby
1002 2786 1044 2824 et
1075 2783 1204 2823 Conv.
1237 2781 1367 2835 ejusd.
1394 2781 1488 2830 loci,
1509 2784 1558 2820 ut
1590 2781 1740 2821 darent

228 2846 294 2886 illi
329 2847 470 2888 locum
510 2849 711 2889 manendi
751 2849 798 2889 in
837 2849 929 2889 loco
968 2848 1044 2902 qui
1084 2861 1198 2888 nunc
1239 2851 1415 2888 vocatur
1455 2847 1526 2887 Ad
1565 2851 1740 2900 pontem

510 2927 521 2946 ¹
547 2931 636 2971 quod
652 2931 816 2972 repeated
831 2944 840 2970 ;
865 2931 1073 2962 redundant.

509 2983 522 3003 2
547 2985 702 3016 William
721 2985 763 3016 de
781 2986 905 3027 Percy,
927 2985 1002 3017 first
1020 2984 1152 3016 Abbot.
1203 2983 1267 3016 See
1285 2983 1348 3015 No.
1371 2984 1448 3016 382.
