1889 3221
325 308 683 344 CARTULARIUM
709 308 978 341 ABBATHIAE
1000 309 1064 341 DE
1086 308 1324 342 WHITEBY.
1515 300 1592 338 717

80 420 269 475 Dayrell,
298 433 374 474 pro
407 418 684 460 Marmeduco
712 417 764 459 de
792 417 1008 472 Thweng,1
1031 418 1126 459 d'no
1158 431 1246 467 5110,
1277 421 1320 459 613
1350 416 1596 458 Willelmus

80 487 271 528 Trunket
310 500 386 541 pro
425 485 611 539 quadam
646 485 676 526 J
679 484 871 526 ohanna2
903 498 998 538 quae
1038 484 1121 525 fuit
1153 498 1262 525 uxor
1292 483 1505 525 Willelmi
1544 482 1597 523 de

82 553 254 606 Upsale,
277 556 319 593 et
350 552 500 593 dicunt
529 565 605 606 pro
636 551 851 605 praedictis
881 550 1157 592 Marmeduco
1179 555 1222 592 et
1252 550 1281 591 J
1285 549 1454 591 ohanna
1485 549 1598 603 quod

80 617 164 671 ipsi
194 618 354 659 habent
375 617 582 671 quasdam
603 617 701 657 t'ras
723 620 766 657 613
786 619 1033 657 tenementa
1064 616 1178 656 infra
1208 615 1432 669 praedictas
1463 618 1598 655 metas

81 697 177 737 quae
205 687 305 725 sunt
336 684 510 738 penitus
537 686 657 724 extra
677 683 878 724 forestam
892 698 902 734 3
933 686 976 723 et
1000 682 1047 722 in
1069 682 1224 736 quibus
1245 681 1360 722 idem
1382 681 1526 722 Abbas
1556 684 1598 721 et

81 750 409 803 praedecessores
443 749 512 790 sui
552 749 717 790 nullam
750 762 940 802 unquam
974 748 1217 789 habuerunt
1250 761 1526 796 warrennam,
1557 750 1600 787 613

81 820 236 870 petunt
269 817 395 871 quod,
421 815 777 870 qualitercunque
809 815 1040 868 praedictus
1072 814 1219 855 Abbas
1256 814 1413 855 clamat
1444 813 1599 854 habere

83 895 326 922 warennam
346 881 416 922 vel
437 882 639 922 forestam
669 880 715 920 in
737 881 826 921 t'ris
848 880 936 921 suis
967 880 1079 920 infra
1099 879 1322 933 praedictas
1344 882 1480 920 metas
1502 893 1599 920 con-

83 947 229 997 tentis,
245 947 292 987 in
308 947 427 987 nullo
445 947 506 987 eis
522 949 747 1000 generetur
762 945 1069 999 praejudicium.
1117 945 1286 986 Clamat
1302 944 1432 985 etiam
1447 944 1601 984 habere

83 1013 182 1053 t'ras
205 1026 302 1054 suas
324 1013 493 1067 quietas
515 1026 539 1053 a
560 1016 675 1053 secta
695 1025 770 1065 per
792 1015 953 1052 cartam
981 1010 1162 1051 Henrici
1183 1010 1324 1064 Regis,
1345 1009 1493 1064 proavi
1514 1009 1602 1049 d’ni

85 1078 211 1132 Regis
228 1092 355 1128 nunc,
369 1092 498 1132 quam
520 1078 693 1132 profert,
709 1081 753 1118 et
774 1091 869 1131 quae
889 1080 1073 1118 testatur
1089 1076 1204 1130 quod
1224 1076 1339 1117 idem
1361 1076 1492 1117 Henr.
1510 1076 1600 1116 Rex

85 1145 293 1185 concessit
322 1144 448 1198 praed.
479 1143 642 1184 Abbati
674 1146 716 1184 613
743 1143 964 1184 111011661115
998 1142 1049 1184 (16
1069 1136 1263 1197 Wyteby
1293 1142 1408 1196 quod
1434 1141 1520 1195 ipsi
1551 1142 1602 1182 de

85 1224 195 1251 omn.
218 1210 306 1251 t'ris
328 1213 370 1250 et
390 1209 646 1250 tenementis
668 1223 763 1263 quae
783 1209 944 1250 habent
965 1222 1018 1250 ex
1039 1208 1149 1250 dono
1170 1208 1298 1262 praed.
1319 1207 1530 1249 Willelmi
1551 1208 1603 1248 de

85 1277 219 1329 Peroy
240 1279 283 1316 et
302 1275 434 1316 Alani
455 1275 507 1316 de
528 1276 675 1329 Peroy,
696 1278 739 1316 et
760 1274 941 1315 aliorum
963 1287 1316 1327 quorumcunque
1338 1273 1603 1322 donatorum,

85 1345 129 1382 et
143 1341 257 1395 quod
277 1341 362 1395 ipsi
378 1345 480 1381 sunt
496 1340 633 1394 quieti
649 1340 701 1381 de
721 1339 920 1381 omnibus
942 1340 1079 1388 rebus,
1096 1343 1172 1380 etc.
1234 1339 1303 1387 Et,
1324 1338 1464 1392 quoad
1486 1338 1603 1379 aliud

86 1407 224 1457 breve,
245 1407 350 1447 dicit
380 1406 494 1459 quod
525 1408 643 1447 tenet
664 1405 769 1445 duas
801 1408 1019 1445 carucatas
1039 1404 1128 1445 t'rae
1149 1404 1194 1444 in
1216 1417 1312 1444 soca
1342 1403 1393 1444 de
1425 1403 1604 1457 Scaleby

87 1487 162 1527 per
183 1477 342 1514 cartam
363 1472 491 1526 Regis
514 1471 693 1512 Henrici
713 1470 861 1524 proavi
882 1470 969 1511 d'ni
989 1470 1117 1524 Regis
1138 1483 1265 1519 nunc,
1282 1483 1411 1523 quam
1432 1469 1604 1523 profert,

87 1544 131 1580 et
152 1553 246 1593 quae
267 1541 449 1579 testatur
470 1537 584 1591 quod
604 1537 719 1578 idem
740 1536 832 1577 Rex
853 1534 1005 1577 Henr.3
1026 1535 1236 1576 concessit
1266 1539 1308 1576 et
1338 1535 1607 1576 confirmavit

88 1604 248 1645 Abbati
279 1604 330 1645 de
360 1603 551 1657 Wyteby
582 1607 626 1644 et
656 1616 767 1643 mon.
801 1606 878 1642 etc.
912 1601 1017 1642 duas
1051 1615 1131 1642 car.
1166 1601 1265 1651 t'rae‚
1296 1614 1394 1642 cum
1421 1605 1540 1655 pert„
1561 1601 1607 1641 in

89 1669 406 1724 Bryningeston
433 1668 479 1708 in
499 1682 612 1722 perp.
636 1667 769 1717 elem,
791 1671 834 1708 et
853 1666 959 1708 dicit
991 1666 1106 1720 quod
1127 1666 1447 1721 Brinyngeston
1466 1670 1531 1708 est
1561 1667 1607 1707 in

87 1748 186 1776 soca
208 1735 259 1775 de
282 1734 472 1787 Scaleby.

148 1800 393 1842 Willelmus
415 1800 467 1841 de
488 1798 637 1841 Rosels
668 1797 953 1840 summonitus
975 1797 1058 1839 suit
1079 1797 1133 1839 ad
1161 1811 1267 1852 resp.
1291 1797 1386 1838 d’no
1418 1798 1523 1852 Regi
1555 1798 1606 1840 dc

138 1940 150 1959 ¹
177 1942 250 1974 The
275 1941 358 1974 date
383 1940 420 1973 of
444 1941 507 1973 the
532 1942 670 1973 extract
694 1938 799 1983 given
824 1939 857 1971 in
885 1939 947 1972 the
972 1939 1160 1982 preceding
1184 1941 1265 1971 note
1290 1938 1319 1970 is
1346 1937 1435 1970 “die
1460 1938 1606 1971 Sabbati

90 2008 187 2040 prox.
201 1999 283 2029 ante
295 1997 495 2029 Passionem
509 1995 601 2034 D’ni,
618 1997 668 2027 ΑΟ
679 2006 704 2027 r.
719 1995 825 2038 Regis
838 1994 1005 2027 Edwardi
1017 1994 1123 2027 tertio
1137 1993 1297 2026 decimo’'
1312 1994 1364 2034 (ib.
1378 2005 1413 2035 p.
1428 1993 1515 2034 viii),
1527 1995 1608 2027 that

90 2053 131 2093 is,
151 2053 274 2085 March
293 2054 345 2092 18,
367 2053 457 2084 1285
473 2063 483 2091 ;
507 2051 569 2083 the
586 2051 669 2083 date
687 2050 724 2082 of
743 2050 805 2082 the
821 2052 963 2092 present
979 2049 1168 2091 Inquisitio
1186 2049 1340 2081 anterior
1356 2051 1395 2081 to
1414 2049 1432 2084 7
1451 2049 1550 2082 Edw.
1571 2059 1607 2089 1.,

91 2119 130 2139 or
147 2108 201 2140 six
219 2119 256 2140 or
272 2118 369 2139 more
393 2117 495 2149 years
512 2106 646 2138 earlier.
696 2105 929 2137 Marmaduke
947 2105 990 2136 de
1007 2104 1164 2146 Thweng
1180 2104 1251 2135 had
1272 2103 1447 2136 therefore
1464 2104 1546 2137 died
1571 2105 1608 2137 in

91 2163 153 2195 the
170 2162 331 2203 interval,
350 2161 482 2203 having
498 2160 649 2192 married
666 2160 775 2192 Lucia
791 2160 835 2191 de
852 2160 941 2191 Brus
959 2159 1130 2200 certainly
1146 2158 1265 2190 before
1286 2159 1385 2191 1245.

140 2215 154 2237 2
179 2216 243 2249 See
260 2217 325 2248 No.
345 2217 424 2256 467,
444 2215 559 2247 where
576 2226 597 2246 a
613 2214 696 2256 lady
713 2214 798 2246 thus
815 2213 941 2245 named
966 2213 996 2245 is
1020 2212 1224 2245 mentioned
1241 2223 1278 2244 as
1298 2212 1359 2244 the
1383 2212 1557 2255 daughter
1573 2215 1610 2246 of

93 2271 188 2303 John
212 2271 256 2302 de
280 2270 429 2311 Nevssle,
447 2269 518 2301 and
535 2280 572 2301 as
589 2269 719 2311 having
744 2279 789 2300 an
814 2268 962 2300 interest
987 2267 1024 2299 in
1050 2267 1182 2299 certain
1201 2267 1301 2298 lands
1318 2266 1355 2298 in
1381 2267 1542 2309 Sneaton,
1562 2281 1607 2301 on

93 2327 155 2359 the
180 2325 282 2358 other
305 2325 379 2357 side
396 2325 432 2356 of
448 2325 510 2356 the
527 2323 601 2356 Esk
619 2324 709 2355 from
735 2323 893 2365 Aislaby,
912 2323 978 2354 but
1002 2325 1065 2354 not
1082 2333 1169 2364 very
1185 2322 1239 2353 far
1255 2322 1402 2355 distant.
1452 2324 1524 2357 But
1548 2326 1609 2358 the

94 2380 296 2413 difficulties
312 2380 350 2411 in
366 2379 428 2412 the
445 2389 524 2420 way
540 2378 577 2410 of
601 2377 816 2420 identifying
832 2377 894 2409 the
911 2380 983 2409 two
1009 2387 1101 2409 seem
1127 2377 1255 2409 almost
1271 2376 1492 2419 insuperable
1507 2391 1516 2418 ;
1541 2379 1604 2419 for,

95 2439 133 2468 to
150 2446 252 2468 name
268 2435 334 2467 but
351 2445 416 2466 one
434 2434 470 2466 of
493 2433 601 2473 them,
620 2433 681 2464 the
699 2432 853 2465 Sneaton
879 2432 1006 2464 Manor
1022 2434 1060 2464 at
1075 2431 1137 2464 the
1161 2432 1244 2463 (late
1261 2431 1297 2463 of
1320 2431 1394 2464 this
1420 2432 1609 2475 Inquisitio

96 2491 166 2523 had
191 2490 345 2532 scarcely
360 2489 485 2532 passed
503 2490 566 2520 out
582 2488 618 2520 of
641 2488 703 2520 the
729 2487 923 2530 possession
940 2487 976 2518 of
999 2487 1062 2519 the
1087 2487 1246 2519 Arundel
1262 2487 1394 2528 family.
1449 2488 1492 2520 In
1520 2489 1609 2530 125}

96 2547 217 2589 Agnes
233 2545 349 2587 Beyus
366 2546 433 2585 (see
450 2543 515 2575 No.
532 2544 613 2583 461)
630 2553 702 2575 was
719 2542 756 2574 in
773 2542 979 2584 possession,
998 2542 1066 2574 and
1084 2542 1210 2584 speaks
1229 2542 1265 2573 of
1281 2541 1343 2573 her
1359 2553 1423 2574 son
1439 2543 1607 2577 William.

96 2600 254 2633 William
272 2599 315 2631 de
332 2599 442 2640 Upsal
458 2609 530 2630 was
546 2597 657 2640 living
673 2597 711 2629 in
731 2598 833 2636 1270,
855 2608 892 2629 as
918 2607 1064 2639 appears
1081 2596 1172 2629 from
1184 2597 1249 2629 No.
1271 2598 1326 2636 22,
1347 2597 1502 2630 wherein
1518 2599 1563 2631 116
1580 2600 1610 2632 15

96 2655 299 2688 co-witness
323 2654 413 2686 with
431 2653 590 2685 William
615 2653 658 2684 de
683 2652 817 2691 Rosels‚
835 2652 931 2684 Will.
958 2652 1001 2684 de
1026 2651 1188 2694 Everley,
1215 2651 1355 2684 Galfrid
1379 2652 1423 2684 de
1447 2653 1608 2696 Everley,

96 2710 168 2742 and
194 2710 300 2752 Hugo
326 2709 371 2741 de
396 2708 581 2750 Ryswarp,
600 2706 666 2739 but
689 2706 790 2739 there
807 2708 836 2739 is
854 2717 900 2738 no
925 2707 1006 2739 hint
1030 2707 1068 2738 of
1091 2707 1148 2738 his
1171 2706 1327 2748 identity
1344 2707 1434 2739 with
1450 2707 1609 2742 William

96 2764 158 2797 fitz
178 2765 293 2807 Agnes
311 2764 436 2805 Beyus.

145 2818 160 2840 3
184 2819 248 2852 866
265 2819 331 2851 No.
354 2820 430 2858 190,
448 2828 480 2860 p.
503 2818 578 2850 156.
630 2817 701 2849 But
717 2816 779 2849 the
796 2819 900 2859 grant
917 2816 953 2848 of
976 2816 1038 2848 the
1056 2815 1248 2848 Burniston
1273 2815 1373 2848 lands
1391 2829 1462 2850 was
1487 2819 1611 2851 earlier

98 2874 183 2913 still,
204 2873 334 2917 having
351 2873 438 2906 been
456 2872 556 2905 made
573 2872 622 2913 by
638 2872 700 2904 the
719 2871 918 2913 Conqueror
938 2870 1014 2912 (No.
1036 2872 1118 2912 555)
1137 2870 1207 2903 and
1224 2871 1413 2904 confirmed
1431 2872 1476 2915 by
1496 2873 1610 2906 Rufus

99 2929 178 2969 (No.
200 2929 291 2969 579).
