1889 3221
213 377 295 415 490
454 386 818 419 OARTULARIUM
842 386 1111 418 ABBATHIAE
1136 386 1201 418 DE
1226 385 1472 418 WHITEBY.

211 508 287 536 seu
321 508 447 536 causa
482 500 596 537 moto
630 509 705 537 seu
739 495 951 549 pendente
988 509 1127 536 coram
1157 495 1290 545 nobis,
1322 509 1396 536 seu
1426 494 1581 535 nostris
1614 507 1725 535 com-

211 561 428 610 missariis‚
479 575 554 602 seu
603 561 902 616 subdelegatis‚
951 561 1144 615 pluribus
1195 566 1270 602 aut
1319 575 1417 611 uno,
1467 561 1721 601 auctoritate

211 627 452 668 litterarum
486 628 753 669 Sanctissimi
785 629 831 668 in
864 627 1032 669 Christo
1064 627 1203 668 Patris
1246 632 1288 669 et
1318 628 1419 668 D'ni
1448 628 1593 676 nostri,
1622 627 1722 667 D'ni

213 693 423 734 Johannis
460 694 588 747 Papae
627 705 746 744 XXII„
788 694 910 735 nobis
955 693 1138 744 directis,
1174 707 1302 747 super
1342 694 1610 735 concessione
1651 706 1725 746 per

215 773 291 800 nos
323 759 519 800 facienda
552 760 603 801 de
643 761 810 814 paroch.
853 760 950 802 eccl.
993 760 1045 801 de
1087 760 1233 801 Semar
1275 760 1400 801 dictae
1440 764 1596 801 nostrae
1636 759 1724 800 dio-

213 838 353 866 ceseos
383 825 430 865 111
469 840 607 880 propr.
648 840 752 867 usus
793 826 893 867 dict.
938 826 1086 880 Relig„
1127 831 1253 880 prout
1283 826 1330 866 in
1370 826 1530 867 eisdem
1569 825 1725 866 litteris

212 891 404 945 Apostol.
457 892 627 946 plenius
683 893 957 944 continetur;
1009 897 1077 934 et·
1101 893 1155 933 ad
1205 892 1468 933 audiendum
1519 892 1724 946 quicquid

212 958 477 1008 canonicum,
514 959 549 1000 si
591 959 703 1013 quod
741 959 809 1008 sit,
846 959 960 1013 quod
1000 959 1030 1000 J
1033 959 1220 1000 ohannes
1258 959 1309 1000 de
1342 959 1573 1013 Wykham,
1609 972 1725 999 1111110

212 1025 367 1067 Rector
387 1026 521 1080 ipsius
544 1026 656 1076 eccl„
677 1040 910 1080 proponere
931 1026 1127 1075 voluerit,
1150 1026 1184 1067 si
1217 1040 1293 1067 sua
1322 1026 1526 1067 interesse
1548 1030 1622 1066 aut
1643 1024 1725 1066 sibi

213 1092 413 1146 expedire
454 1092 692 1142 crediderit,
729 1107 859 1147 quare
895 1093 1054 1133 dictam
1095 1092 1193 1133 eccl.
1228 1093 1417 1146 praefatis
1454 1092 1591 1146 Relig.
1627 1105 1722 1132 con-

213 1159 360 1200 cedere
395 1159 442 1199 in
474 1173 578 1200 usus
614 1173 765 1213 propr.,
803 1164 845 1200 et
881 1159 1043 1200 dictum
1085 1159 1335 1200 mandatum
1369 1158 1563 1213 Apostol.
1600 1157 1725 1212 plene

212 1225 379 1278 exequi,
400 1226 635 1266 secundum
656 1225 835 1266 sormam
857 1229 900 1266 et
930 1225 1128 1266 effectum
1161 1225 1260 1266 dict.
1284 1225 1364 1266 litt.
1387 1224 1579 1278 Apostol.
1602 1223 1723 1264 nobis

212 1290 479 1341 directarum,
516 1295 559 1332 et
593 1291 630 1332 si
660 1291 795 1332 nichil
826 1291 1076 1332 canonicum
1107 1291 1153 1331 in
1184 1291 1366 1332 termino
1400 1291 1483 1331 sibi
1513 1291 1724 1344 assignato

211 1370 444 1411 proponere
465 1357 659 1407 voluerit,
680 1362 754 1398 aut
775 1372 862 1398 non
883 1358 1159 1411 proposuerit,
1181 1358 1235 1398 ad
1265 1357 1612 1412 praecludendum
1643 1356 1726 1397 sibi

211 1423 327 1463 viam
348 1436 423 1464 seu
439 1423 688 1465 facultatem
719 1424 949 1478 quicquam
980 1424 1025 1464 in
1048 1424 1305 1465 contrarium
1335 1424 1381 1464 in
1414 1424 1525 1464 dicto
1557 1422 1725 1477 negotio

210 1489 489 1542 proponendi,
520 1503 686 1531 necnon
716 1490 769 1530 ad
800 1490 1142 1544 compellendum
1174 1490 1420 1544 hujusmodi
1450 1493 1592 1539 testes,
1614 1489 1650 1530 si
1681 1502 1725 1530 se

211 1555 307 1596 odio
339 1559 413 1596 aut
444 1569 584 1597 amore
621 1557 922 1606 subtraxerint,
952 1556 1240 1610 prohibituros
1274 1570 1415 1597 coram
1450 1556 1571 1597 vobis
1604 1556 1724 1596 testi-

211 1621 404 1662 monium
430 1622 603 1663 veritati
633 1626 676 1663 et
707 1622 759 1663 ad
789 1622 1034 1664 faciendum
1064 1623 1208 1664 omnia
1238 1623 1321 1664 alia
1352 1636 1457 1677 quae,
1489 1622 1724 1664 secundum

211 1687 463 1740 qualitatem
485 1687 589 1729 dicti
607 1688 779 1743 negotii,
796 1688 975 1729 formam
996 1693 1039 1729 et
1053 1689 1142 1729 vim
1160 1689 1258 1729 dict.
1276 1689 1515 1730 litterarum
1531 1688 1722 1742 Apostol.

211 1752 495 1806 requiruntur,
516 1753 649 1802 vobis,
672 1758 853 1808 uterque
874 1759 1066 1796 vestrum
1096 1769 1170 1809 per
1192 1769 1235 1796 se
1268 1755 1451 1805 divisim,
1473 1754 1724 1796 auctoritate

211 1819 308 1859 dict.
331 1819 411 1860 litt.
435 1820 583 1874 Apost.
605 1821 728 1862 nobis
751 1821 945 1875 deligata,
967 1835 1042 1862 seu
1072 1822 1118 1862 in
1148 1822 1377 1875 praemissis
1406 1821 1724 1876 quomodolibet

212 1885 429 1935 attributa,
466 1886 773 1927 committimus
808 1888 923 1928 vices
952 1887 1074 1941 (151)
1110 1893 1288 1937 nostraS,
1331 1902 1428 1929 cum
1464 1888 1723 1929 cohercionis

211 1951 426 1991 oanonioae
461 1954 684 2004 potestate,
716 1952 849 1993 donec
881 1966 949 1993 eos
981 1952 1035 1993 ad
1067 1966 1143 1994 nos
1175 1953 1422 1994 duxerimus
1454 1952 1723 2003 revocandas,

214 2015 444 2057 diffinitiva
466 2017 689 2067 sententia,
711 2031 786 2059 seu
806 2018 941 2072 ipsius
972 2018 1132 2072 negotii
1153 2018 1418 2068 diffinitione,
1441 2019 1723 2068 concessione,

213 2087 256 2123 et
305 2083 658 2137 appropriatione,
700 2083 752 2125 de
792 2084 947 2138 quibus
987 2085 1033 2124 111
1069 2085 1228 2125 eisdem
1268 2084 1422 2125 litteris
1462 2085 1511 2125 fit
1550 2085 1723 2135 mentio,

212 2148 426 2189 nobismet
458 2149 563 2203 ipsis
600 2150 840 2204 specialiter
879 2151 1113 2192 reservatis.
1186 2151 1242 2191 Et
1277 2151 1516 2192 certificetis
1557 2165 1634 2192 nos
1670 2153 1720 2193 de

212 2214 329 2255 omni
365 2228 412 2256 eo
449 2215 562 2268 quod
598 2216 782 2257 feceritis
823 2216 1168 2258 attestationibus
1212 2217 1422 2258 dictorum
1459 2218 1644 2268 testium,
1679 2223 1720 2259 et

211 2284 351 2322 vestro
392 2295 602 2337 processu
626 2296 752 2336 super
787 2283 1016 2337 praemissis
1052 2297 1126 2337 per
1158 2288 1321 2324 vestras
1357 2284 1532 2334 litteras,
1568 2284 1720 2325 horum

211 2346 363 2388 seriem
396 2352 439 2388 et
470 2353 660 2389 vestrum
692 2362 936 2402 processum
968 2350 1246 2399 continentes,
1287 2350 1451 2399 vestris,
1487 2354 1561 2390 aut
1592 2351 1720 2391 unius

211 2416 412 2462 vestrum,
454 2413 607 2468 sigillis
649 2419 724 2455 aut
764 2415 916 2469 sigillo,
958 2415 1154 2469 signatas.
1190 2451 1196 2452 γ
1228 2417 1391 2456 Datum
1431 2416 1545 2469 apud
1580 2417 1719 2470 Thorp

210 2493 339 2533 prope
379 2480 515 2529 Ebor.,
554 2480 603 2520 iii
643 2481 707 2523 Id.
745 2482 952 2531 Octobris,
986 2482 1151 2523 circiter
1181 2482 1326 2522 horam
1359 2496 1527 2531 nonam,
1562 2483 1614 2524 A.
1649 2482 1719 2523 Gr.

209 2545 438 2586 millesimo
453 2552 571 2587 ccc¹¹¹0
585 2546 786 2588 vicesimo
803 2548 940 2598 tertio,
958 2552 1000 2588 et
1013 2549 1292 2589 Pontificatus
1311 2549 1445 2589 nostri
1458 2548 1638 2602 septimo
1653 2564 1719 2589 :—

211 2611 276 2651 Ac
297 2625 372 2665 per
402 2612 517 2665 ipsos
548 2613 812 2666 conjunctim
842 2613 1022 2667 receptis
1054 2617 1097 2655 et
1121 2614 1286 2667 juratis,
1317 2618 1360 2655 et
1389 2627 1465 2668 per
1493 2615 1718 2667 praefatum

212 2677 469 2730 Magistrum
509 2678 755 2720 Johannem
805 2679 977 2720 divisim
1019 2679 1284 2729 examinatis,
1326 2693 1373 2720 ac
1413 2680 1719 2733 subsequenter

213 2756 357 2783 eorum
407 2743 531 2784 dictis
582 2748 625 2785 et
679 2745 1025 2786 attestationibus
1090 2745 1330 2799 publicatis,
1384 2746 1715 2800 renunciatoque

213 2821 409 2861 expresse
429 2822 504 2862 per
534 2809 699 2850 dictum
720 2811 943 2852 Rectorem
974 2811 1175 2865 quatinus
1207 2811 1304 2852 dict.
1327 2811 1545 2865 negotium
1574 2811 1714 2865 ipsum

213 2873 455 2927 contingere
475 2879 618 2928 posset
640 2875 691 2916 de
713 2876 892 2917 dicendo
913 2877 959 2917 in
980 2881 1108 2917 testes
1130 2880 1203 2916 aut
1224 2889 1367 2916 eorum
1389 2877 1503 2917 dicta
1525 2882 1567 2917 et
1588 2877 1715 2918 etiam

211 2938 258 2978 in
278 2938 389 2979 facto
411 2942 557 2980 contra
577 2940 805 2993 praemissa,
819 2942 871 2982 de
884 2942 1039 2996 quibus
1055 2941 1252 2982 omnibus
1274 2946 1316 2982 et
1332 2941 1510 2995 singulis
1526 2942 1715 2995 plenarie

212 3004 433 3045 certificati
464 3018 621 3054 sumus,
653 3009 696 3046 et
726 3006 778 3047 de
809 3006 968 3048 eisdem
999 3007 1120 3048 nobis
1151 3010 1326 3055 constat,
1357 3021 1404 3048 ac
1430 3008 1538 3061 juris
1570 3008 1717 3049 ordine
