1889 3221
269 264 348 303 718
516 273 877 307 CARTULARIUM
902 274 1170 307 ABBATHIAE
1193 275 1257 308 DE
1282 276 1528 308 WHITEBY.

265 381 384 435 pl'ito
406 396 489 436 quo
512 397 628 424 warr.
650 383 806 424 clamat
827 383 981 424 habere
1002 397 1176 437 parcum
1198 388 1240 426 et
1261 385 1331 426 lib.
1348 399 1464 426 warr.
1483 386 1611 438 juxta
1632 398 1773 425 mane-

263 448 374 488 rium
406 463 531 489 suum
553 449 605 490 de
626 449 821 503 Asselby‚
843 454 886 490 et
907 450 1006 491 t’ras
1028 463 1124 491 suas
1157 451 1336 504 quietas,
1357 455 1447 500 etc,
1469 451 1560 492 sine
1591 450 1774 498 licentia,

262 518 338 554 etc.
399 515 455 554 Et
476 514 593 555 Will.
618 515 748 564 venit,
770 519 812 556 et
842 515 981 568 quoad
1008 529 1182 569 parcum
1205 516 1310 557 dicit
1331 517 1445 570 quod
1465 517 1556 571 ipse
1585 520 1627 557 et
1658 519 1774 557 ante-

263 594 445 621 cessores
467 581 533 621 sui
554 595 579 621 a
601 581 731 634 Conq.
748 580 918 635 Angliae
938 581 1181 622 habuerunt
1201 596 1376 635 parcum
1398 586 1440 623 et
1460 597 1576 623 warr.
1599 582 1643 622 in
1665 595 1778 622 man.

264 659 339 686 suo
371 646 423 687 de
454 646 675 700 Haselby.¹
735 647 792 687 Et
813 647 954 701 quoad
985 652 1156 697 sectam,
1178 652 1268 697 etc„
1290 648 1394 689 dicit
1415 649 1528 702 quod
1560 648 1652 702 ipse
1673 647 1778 688 facit

264 716 422 753 sectam
444 712 496 753 ad
518 713 644 766 praed.
663 712 779 754 Com.
801 716 897 766 post
918 713 943 753 f.
963 727 992 754 s.
1012 713 1238 754 Michaelis
1262 717 1304 755 et
1326 714 1378 755 ad
1400 715 1644 768 proximum
1664 727 1778 767 wap-

264 778 482 832 entagium
514 778 565 819 de
587 778 837 832 Langbergh
858 783 955 832 post
975 778 1089 819 idem
1113 779 1284 829 festum,
1306 784 1348 820 et
1369 780 1423 820 ad
1444 780 1631 834 primum
1654 779 1779 820 trith—

262 843 409 897 ingurn
431 843 482 884 de
503 844 845 899 North-trithing
864 848 961 898 post
982 844 1095 886 idem
1126 845 1295 886 festum.
1357 846 1413 887 Et
1434 846 1539 887 dicit
1560 846 1673 900 quod
1704 846 1778 886 dat

263 910 314 951 de
336 910 419 951 fine
450 924 524 964 pro
545 910 712 951 residuo
735 916 860 952 sectae
882 911 935 951 ad
959 911 1234 961 Comitatuni,
1255 913 1474 965 etc—(all
1504 914 1554 967 of
1579 913 1710 953 which
1740 913 1778 953 is

263 989 395 1017 sworn
418 980 455 1016 to
477 976 525 1029 by
546 976 678 1016 &welve
689 977 843 1030 jurors,
865 977 990 1016 whose
1011 990 1151 1017 names
1173 991 1242 1017 are
1260 978 1411 1031 ymen.)

872 1108 1163 1149 DCXLVIII.

326 1199 362 1238 A
384 1203 525 1239 nostre
555 1198 753 1252 seignour
778 1198 818 1239 le
841 1199 921 1239 Roi
942 1203 985 1239 et
1015 1213 1039 1239 a
1071 1212 1147 1239 son
1173 1199 1363 1240 counseil
1389 1200 1531 1254 prient
1552 1199 1566 1239 i
1587 1199 1632 1253 ly
1653 1199 1774 1253 plest'

264 1278 328 1305 ses
350 1263 624 1317 chapelleyns
650 1263 773 1304 Abbe
795 1268 837 1305 et
860 1264 1026 1305 Couent
1048 1265 1098 1305 de
1120 1265 1327 1319 Whiteby
1349 1279 1431 1319 que
1454 1266 1504 1306 de
1527 1279 1572 1306 sa
1591 1279 1713 1320 grace
1735 1269 1777 1306 et

265 1343 420 1370 enoure
446 1329 497 1370 de
519 1329 679 1370 charite
700 1329 828 1369 voille
860 1343 884 1369 a
914 1329 961 1383 ly
981 1329 1097 1383 pleer
1128 1331 1180 1371 de
1211 1332 1460 1372 confirmera
1492 1345 1575 1372 eux
1605 1345 1681 1385 par
1712 1345 1776 1372 ses

263 1396 410 1436 lettres
432 1399 628 1448 patentes
649 1394 711 1436 les
730 1394 917 1436 chartres
936 1395 987 1436 de
1004 1409 1068 1436 ses
1090 1396 1383 1450 progenitours
1406 1411 1430 1437 a
1447 1411 1529 1437 eux
1550 1400 1777 1451 graunteez

265 1465 307 1501 et
327 1461 389 1502 les
411 1474 554 1514 queux
576 1460 615 1501 16
646 1465 732 1501 tres
763 1460 992 1502 honorable
1023 1461 1103 1502 Roi
1135 1475 1211 1503 son
1242 1461 1358 1516 piere
1389 1462 1586 1503 rehercea
1612 1466 1654 1503 et
1679 1476 1776 1503 con-

266 1528 384 1567 firma
405 1540 480 1580 par
501 1540 546 1567 sa
569 1526 733 1567 chartre
753 1526 1099 1581 graciousernent.

900 1650 1140 1691 DCXLIX.

266 1742 446 1790 (Letters
469 1741 552 1782 and
582 1743 750 1795 Papem,
772 1742 952 1795 Foreign
983 1742 1067 1782 and
1098 1742 1329 1791 Domestic,
1352 1742 1502 1795 Henry
1524 1753 1612 1783 VIII.
1636 1742 1715 1784 vol.
1739 1757 1774 1783 v.

677 1821 716 1860 p.
741 1811 834 1849 425.
896 1808 974 1848 No.
1001 1811 1095 1856 907,
1116 1818 1198 1848 Aa).
1226 1809 1365 1861 1532.)

832 1888 1020 1928 WHITBY
1048 1888 1206 1928 ABBEY.

266 1970 451 2010 Articles
483 1969 648 2023 against
681 1969 869 2023 Gregory
903 1970 1090 2022 Conyers
1122 1969 1186 2009 for
1216 1969 1397 2023 Whitby
1432 1970 1599 2023 Abbey,
1632 1984 1776 2011 accus-

382 2036 456 2089 ing
477 2034 566 2074 him
589 2035 635 2075 of
652 2035 901 2088 oppressing
921 2048 1023 2088 poor
1044 2034 1228 2083 widows‚
1248 2034 1502 2088 inisleading
1524 2036 1598 2076 the
1623 2036 1777 2085 Abbot,

382 2101 466 2142 and
499 2101 668 2141 various
701 2101 907 2154 intrigues
939 2101 986 2141 in
1019 2100 1092 2141 the
1125 2100 1385 2154 Monastery;
1417 2100 1463 2140 in
1492 2100 1698 2142 violation
1735 2102 1781 2142 of

382 2170 478 2221 past
499 2171 807 2220 engagements.

326 2251 355 2291 ii
386 2250 569 2291 Articles
594 2249 640 2290 of
656 2250 755 2290 Dan
776 2249 936 2290 Robert
956 2249 1162 2299 VVodhus,
1184 2249 1305 2290 Prior
1326 2250 1371 2290 of
1389 2249 1581 2303 Whiffloy,
1612 2249 1778 2304 against

316 2344 325 2362 ¹
352 2342 394 2373 In
418 2340 619 2382 Domesday
643 2339 842 2382 Asulvesby
867 2351 1012 2382 appears
1037 2340 1074 2372 in
1099 2340 1160 2372 the
1186 2340 1271 2372 Earl
1296 2340 1333 2372 of
1358 2339 1542 2372 Mortain's
1567 2340 1622 2372 fee
1639 2341 1775 2373 :—“In

268 2395 478 2437 Asulvesby,
499 2395 543 2427 ad
567 2395 708 2437 geldum
734 2394 773 2426 iii
799 2397 977 2434 carucatae,
997 2397 1033 2427 et
1057 2394 1082 2426 ii
1107 2405 1238 2427 carucae
1263 2397 1411 2436 possunt
1436 2406 1522 2428 esse.
1572 2395 1628 2427 Ibi
1652 2395 1778 2428 habuit

268 2451 401 2483 Uctred
418 2450 430 2481 i
447 2449 661 2482 manerium:
688 2449 791 2481 Nunc
815 2449 923 2481 habet
952 2450 1123 2482 Ricardus
1152 2449 1371 2490 (Surdevall')
1397 2450 1441 2482 de
1466 2449 1611 2482 Comite.
1661 2450 1716 2482 Ibi
1742 2451 1777 2483 vi

267 2517 353 2538 acrae
364 2505 457 2548 prati
472 2518 479 2538 :
506 2505 595 2537 silva
608 2504 744 2546 pastilis
761 2504 773 2536 i
790 2504 928 2547 leugam
941 2504 1045 2548 longa
1058 2507 1094 2537 et
1107 2505 1119 2536 i
1132 2505 1215 2537 lata.
1258 2505 1387 2537 Totum
1400 2505 1593 2536 manerium
1610 2505 1622 2537 i
1638 2505 1776 2548 leugam

267 2564 302 2593 et
329 2560 450 2593 dimid.
478 2560 621 2603 longum
650 2562 686 2591 613
712 2559 724 2591 1
751 2559 840 2602 leug.
869 2559 992 2592 latum.
1043 2560 1081 2591 T.
1110 2560 1150 2592 R.
1183 2560 1221 2592 E.
1254 2571 1277 2591 x
1303 2560 1364 2592 sol.
1393 2562 1430 2592 et
1454 2559 1517 2591 viii
1541 2560 1619 2592 den.
1669 2560 1776 2593 Modo

270 2618 418 2648 wastum
435 2613 524 2647 est.''
573 2614 677 2645 From
694 2613 756 2645 the
773 2613 856 2645 Earl
874 2614 909 2645 of
926 2613 1110 2646 Mortain’s
1128 2614 1182 2646 see
1199 2614 1228 2646 it
1245 2614 1373 2654 would,
1392 2616 1429 2646 at
1445 2614 1536 2646 least
1560 2615 1777 2656 apparently,

266 2681 345 2712 pass
362 2670 398 2701 in
415 2670 476 2702 the
493 2669 589 2710 early
602 2679 702 2711 years
720 2668 756 2700 of
772 2668 925 2710 Henry’s
938 2669 1035 2711 reign
1051 2671 1089 2700 to
1102 2669 1236 2700 Robert
1252 2669 1295 2700 de
1313 2669 1411 2708 Brus,
1428 2669 1673 2710 concurrently
1689 2668 1777 2701 with

265 2724 327 2756 the
352 2724 454 2756 other
477 2723 572 2765 large
596 2723 791 2755 additional
815 2725 947 2765 grants,
968 2723 1139 2755 inclusive
1157 2723 1192 2754 of
1217 2722 1376 2762 Skelton,
1397 2723 1484 2755 then
1508 2723 1610 2755 made
1634 2725 1672 2754 to
1697 2722 1777 2755 that

265 2778 383 2816 baron,
417 2779 486 2810 and
515 2778 604 2810 from
634 2778 723 2810 Brus
752 2778 955 2820 eventually
983 2780 1022 2810 to
1050 2778 1213 2821 Thweng.
1266 2778 1301 2810 It
1330 2777 1359 2809 is
1388 2777 1486 2819 quite
1514 2777 1665 2819 possible
1697 2777 1778 2810 that

267 2834 423 2875 Rogerus
448 2833 491 2864 de
516 2833 629 2871 Rosel,
666 2833 790 2864 named
822 2844 861 2865 as
893 2843 959 2864 one
988 2832 1024 2864 of
1057 2832 1194 2864 Robert
1220 2832 1264 2864 de
1288 2831 1388 2863 Brus’
1419 2834 1528 2863 “tres
1553 2831 1682 2864 milites
1695 2830 1713 2845 ‘’
1740 2831 1776 2863 in

267 2886 332 2918 No.
348 2887 402 2924 28,
423 2897 503 2927 may
520 2886 610 2918 have
626 2886 714 2918 been
732 2886 978 2918 sub-infeuded
996 2886 1077 2918 here
1094 2888 1131 2918 at
1149 2886 1228 2918 that
1249 2885 1344 2927 early
1363 2884 1491 2927 period.
